################################################################################
#                             CITATIONS LIBRARY                                #
################################################################################
# > This citations library is intended to compile all the references into the
# > PhysRevC format.
################################################################################



@PREAMBLE{
"\providecommand{\noopsort}[1]{}"
# "\providecommand{\singleletter}[1]{#1}%"
}

@BOOK{Bire82,
author       = {N. D. Birell and P. C. W. Davies},
year         = 1982,
title        = {Quantum Fields in Curved Space},
publisher    = {Cambridge University Press}
}

@ARTICLE{feyn54,
author       = "R. P. Feynman",
year         = "1954",
journal      = "Physical Review",
volume       = "94",
pages        = "262",
}

@ARTICLE{epr,
author       = "A. Einstein and {\relax Yu} Podolsky and N. Rosen",
collaboration = "EPR",
year         = "1935",
journal      = "Physical Review",
volume       = "47",
pages        = "777",
}

@ARTICLE{Berman1983,
author       = "G. P. Berman, Jr. and F. M. Izrailev, Jr.",
title        = "Stability of nonlinear modes",
journal      = "Physica D",
volume       = "88",
pages        = "445",
year         = "1983",
}

@ARTICLE{Davies1998,
author       = "E. B. Davies and L. Parns",
title        = "Trapped modes in acoustic waveguides",
journal      = "Q. J. Mech. Appl. Math.",
volume       = "51",
pages        = "477--492",
year         = "1988",
}

@MISC{witten2001,
author       = "Edward Witten",
eprint       = "hep-th/0106109",
year         = "2001",
}

@INBOOK{Beutler1994,
author       = "E. Beutler",
editor       = "E. Beutler and M. A. Lichtman and B. W. Coller and T. S. Kipps",
booktitle    = "Williams Hematology",
chapter      = "7",
pages        = "654--662",
publisher    = "McGraw-Hill",
year         = "1994",

edition      = "5",
address      = "New York",
volume       = "2",
}

@INCOLLECTION{Beutler1994a,
author       = "E. Beutler",
editor       = "E. Beutler and M. A. Lichtman and B. W. Coller and T. S. Kipps",
booktitle    = "Williams Hematology",
chapter      = "7",
pages        = "654--662",
publisher    = "McGraw-Hill",
year         = "1994",

edition      = "5",
address      = "New York",
volume       = "2",
}

@INBOOK{inbook-full,
author    = "Donald E. Knuth",
booktitle = "Fundamental Algorithms",
volume    = 1,
series    = "The Art of Computer Programming",
publisher = "Addison-Wesley",
address   = "Reading, Massachusetts",
edition   = "Second",
month     = "10~" # jan,
year      = "\noopsort{1973b}1973",
type      = "Section",
chapter   = "1.2",
pages     = "10--119",
note      = "A full INBOOK entry",
}




@UNPUBLISHED{unpublished-full,
author = "Ulrich {\"{U}}nderwood and Ned {\~N}et and Paul {\={P}}ot",
title = "Lower Bounds for Wishful Research Results",
month = nov # ", " # dec,
year = 1988,
note = "Talk at Fanstord University (A full UNPUBLISHED entry)",
}

@MISC{JohnsonMillerSmith2007,
author       = "M. P. Johnson and K. L. Miller and K. Smith",
title        = "",
howpublished = "personal communication",
month        = "1~" # may,
year         = "2007",
note         = "",
}

@PROCEEDINGS{Smith2007,
title        = "AIP Conf. Proc.",
year         = "2007",

editor       = "J. Smith",
volume       = "841",
number       = "21",
series       = "",
address      = "",
month        = "",
organization = "",
publisher    = "",
note         = "",
}

@PROCEEDINGS{proceedings-full,
editor = "Wizard V. Oz and Mihalis Yannakakis",
title = "Proc. Fifteenth Annual",
number = 17,
series = "All ACM Conferences",
month = mar,
year = 1983,
address = "Boston",
organization = "ACM",
publisher = "Academic Press",
note = "A full PROCEEDINGS entry",
}

@UNPUBLISHED{Burstyn2004,
author       = "Y. Burstyn",
title        = "{Proceedings of the 5th International Molecular Beam Epitaxy Conference, Santa Fe, NM}",
note         = "(unpublished)",

month        = "5--8~" # oct,
year         = "2004",
}

@PROCEEDINGS{Quinn2001,
title        = "{Proceedings of the 2003 Particle  Accelerator Conference, Portland, OR, 12-16 May 2005}",
year         = "2001",

editor       = "B. Quinn",
address      = "New York",
publisher    = "Wiley",
note         = "Albeit the conference was held in 2005, it was the 2003 conference, and  the proceedings were published in 2001; go figure",
}

@ARTICLE{Agarwal2001,
author       = "A. G. Agarwal",
title        = "{Proceedings of the Fifth Low Temperature Conference, Madison, WI, 1999}",
journal      = "Semiconductors",
year         = "2001",

volume       = "66",
pages        = "1238",
}

@ARTICLE{SmithDA01,
author       = "R. Smith",
title        = "Hummingbirds are our friends",
journal      = {Journal Applied Physics (these proceedings)},
year         = "2001",
volume       = "",
number       = "",
pages        = "",
month        = "",
note         = "Abstract No. DA-01",
}

@ARTICLE{Smith2007a,
author       = "J. Smith",
title        = "",
journal      = "Proc. SPIE",
year         = "2007",

volume       = "124",
pages        = "367",
note         = "Required title is missing",
}

@TECHREPORT{techreport-full,
author = "Tom T{\'{e}}rrific",
title = "An {$O(n \log n / \! \log\log n)$} Sorting Algorithm",
institution = "Fanstord University",
type = "Wishful Research Result",
number = "7",
address = "Computer Science Department, Fanstord, California",
month = oct,
year = 1988,
note = "A full TECHREPORT entry",
}

@TECHREPORT{Nelson1999,
author       = "J. Nelson",
type         = "{TWI Report}",
number       = "666/1999",
institution  = "",
year         = jan # "~1999",

note         = "Required institution missing",
}

@TECHREPORT{Fields2005,
author       = "W. K. Fields",
type         = "{ECE Report No.}",
number       = "AL944",
institution  = "",
year         = "2005",

note         = "Required institution missing",
}

@MISC{Zalkins2008,
author       = "Y. M. Zalkins",
title        = "",
howpublished = "e-print arXiv:cond-mat/040426",
month        = "",
year         = "2008",
note         = "",
}

@MISC{Nelson2005,
author       = "J. Nelson",
howpublished = "{U.S. Patent No.} 5,693,000",
year         = "12~" # dec # "~2005",
}

@MASTERSTHESIS{Nelson1999a,
author       = "J. K. Nelson",
title        = "",
school       = "New York University",
year         = "1999",

type         = "M.{S}. thesis",
address      = "",
month        = "",
note         = "",
}

@MASTERSTHESIS{mastersthesis-full,
author = "{\'{E}}douard Masterly",
title = "Mastering Thesis Writing",
school = "Stanford University",
type = "Master's project",
address = "English Department",
month = jun # "-" # aug,
year = 1988,
note = "A full MASTERSTHESIS entry",
}

@PHDTHESIS{Smith2003,
author       = "S. M. Smith",
title        = "",
school       = "Massachusetts Institute of  Technology",
year         = "2003",

type         = "{Ph.D.} thesis",
address      = "",
month        = "",
note         = "",
}

@ARTICLE{KawaLin2003,
author       = "S. R. Kawa and S.-J. Lin",
title        = "",
journal      = "J. Geophys. Res.",
year         = "2003",

volume       = "108",
number       = "D6",
pages        = "4201",
month        = "",
note         = "{DOI:10.1029/2002JD002268}",
}

@PHDTHESIS{phdthesis-full,
author = "F. Phidias Phony-Baloney",
title = "Fighting Fire with Fire: Festooning {F}rench Phrases",
school = "Fanstord University",
type = "{PhD} Dissertation",
address = "Department of French",
month = jun # "-" # aug,
year = 1988,
note = "A full PHDTHESIS entry",
}

@BOOK{book-full,
author = "Donald E. Knuth",
title = "Seminumerical Algorithms",
volume = 2,
series = "The Art of Computer Programming",
publisher = "Addison-Wesley",
address = "Reading, Massachusetts",
edition = "Second",
month = "10~" # jan,
year = "\noopsort{1973c}1981",
note = "A full BOOK entry",
}

@BOOKLET{booklet-full,
author = "Jill C. Knvth",
title = "The Programming of Computer Art",
howpublished = "Vernier Art Center",
address = "Stanford, California",
month = feb,
year = 1988,
note = "A full BOOKLET entry",
}

@INBOOK{ballagh2000,
author    = "R. Ballagh and C.M. Savage",
editor    = "C.M. Savage and M. Das",
title     = "Bose-Einstein condensation: from atomic physics to quantum fluids, Proceedings of the 13th Physics Summer School",
year      = "2000",
publisher = "World Scientific",
address   = "Singapore",
eprint    = "cond-mat/0008070",
}


@INCOLLECTION{ballagh2000a,
author    = "R. Ballagh and C.M. Savage",
title     = "Bose-Einstein condensation: from atomic physics to quantum fluids",
editor    = "C.M. Savage and M. Das",
booktitle = "Proceedings of the 13th Physics Summer School",
year      = "2000",
publisher = "World Scientific",
address   = "Singapore",
eprint    = "cond-mat/0008070",
}

@inBook{Magnetism,
author    = "W. Opechowski and R. Guccione",
title     = "Introduction to the Theory of Normal Metals",
volume    = "IIa",
pages     = "105",
editor    = "G. T. Rado and H. Suhl",
booktitle = "Magnetism",
publisher = "Academic Press",
address   = "New York",
year      = "1965",
}

@INCOLLECTION{Magnetisma,
author    = "W. Opechowski and R. Guccione",
title     = "Introduction to the Theory of Normal Metals",
editor    = "G. T. Rado and H. Suhl",
booktitle = "Magnetism",
volume    = "IIa",
pages     = "105",
publisher = "Academic Press",
address   = "New York",
year      = "1965",
}

@INPROCEEDINGS{Magnetismb,
author    = "W. Opechowski and R. Guccione",
title     = "Introduction to the Theory of Normal Metals",
editor    = "G. T. Rado and H. Suhl",
booktitle = "Magnetism",
volume    = "IIa",
pages     = "105",
publisher = "Academic Press",
address   = "New York",
year      = "1965",
}

@INBOOK{Smith80,
author    = "J. M. Smith",
title     = "Molecular Dynamics",
publisher = "Academic",
year      = "1980",
address   = "New York",
editor    = "C. Brown",
}

@article{ZS71,
author    = "V. E. Zakharov and A. B. Shabat",
title     = "Exact theory of two-dimensional self-focusing and one-dimensional self-modulation of waves in nonlinear media",
journal   = "Zh. Eksp. Teor. Fiz.",
volume    = "61",
year      = "1971",
pages     = "118--134",
translation = "Sov. Phys. JETP \textbf{34}, 62 (1972)"
}

@INCOLLECTION{Smith80a,
author    = "J. M. Smith",
booktitle = "Molecular Dynamics",
editor    = "C. Brown",
publisher = "Academic",
year      = "1980",
address   = "New York",
}

@INCOLLECTION{incollection-full,
author = "Daniel D. Lincoll",
title = "Semigroups of Recurrences",
editor = "David J. Lipcoll and D. H. Lawrie and A. H. Sameh",
booktitle = "High Speed Computer and Algorithm Organization",
number = 23,
series = "Fast Computers",
chapter = 3,
type = "Part",
pages = "179--183",
publisher = "Academic Press",
address = "New York",
edition = "Third",
month = sep,
year = 1977,
note = "A full INCOLLECTION entry",
}

@INPROCEEDINGS{inproceedings-full,
author = "Alfred V. Oaho and Jeffrey D. Ullman and Mihalis Yannakakis",
title = "On Notions of Information Transfer in {VLSI} Circuits",
editor = "Wizard V. Oz and Mihalis Yannakakis",
booktitle = "Proc. Fifteenth Annual ACM",
bookaddress = "Boston, 1982",
number = 17,
series = "All ACM Conferences",
pages = "133--139",
month = mar,
year = 1983,
address = "New York",
organization = "ACM",
publisher = "Academic Press",
note = "A full INPROCEDINGS entry",
}

@MANUAL{manual-full,
author = "Larry Manmaker",
title = "The Definitive Computer Manual",
organization = "Chips-R-Us",
address = "Silicon Valley",
edition = "Silver",
month = apr # "-" # may,
year = 1986,
note = "A full MANUAL entry",
}






##########################################################
# * * * * * * * * * * * * * * * * * * * * * * * * * * * *
##########################################################
#                       PHYSICS
##########################################################
# * * * * * * * * * * * * * * * * * * * * * * * * * * * *
##########################################################

##########################################################
###### Quantum Physics
##########################################################

@ARTICLE{Bialynicki-Birula_Photon_wave_function_1994,
author       = "Bialynicki-Birula, Iwo",
title        = "On the wave function of the Photon",
year         = "1994",
journal      = "Acta Physica Polonica A",
volume       = "86",
number       = "1-2",
pages        = "97--116",
note         = "{http://przyrbwn.icm.edu.pl/APP/PDF/86/a086z1p08.pdf}",
}

@ARTICLE{Bialynicki-Birula_Photon_wave_function_1996,
author       = "Bialynicki-Birula, Iwo",
title        = "On the wave function of the Photon",
year         = "1996",
journal      = "Progress in Optics",
volume       = "36",
pages        = "245--294",
note         = "{https://doi.org/10.1016/S0079-6638(08)70316-0}",
}


##########################################################
###### Nuclear Physics
##########################################################


@INBOOK{Blatt_and_Weisskopf_Theoretical_Nuclear_Physics_1952,
author    = "Blatt, John M. and Weisskopf, Victor F.",
title     = "Theoretical Nuclear Physics",
year         = "1952",
publisher = "Springer-Verlag",
address   = "Massachusetts Institute of Technology, Cambridge, MA 02139, U.S.A.",
note      = "{DOI}: 10.1007/978-1-4612-9959-2"
}


##########################################################
###### R-matrix theory
##########################################################


@ARTICLE{Kapur_and_Peierls_1938,
author       = "Kapur, P. L. and Peierls, R.",
title        = "The Dispersion Formula for Nuclear Reactions",
year         = "1938",
month        = "May",
journal      = "Proceedings of the Royal Society",
pages        = "277--295",
note         = "{DOI: 10.1098/rspa.1938.0093}",
}

@ARTICLE{Wigner_and_Eisenbud_1947,
author       = "Wigner, E. P. and Eisenbud, L.",
title        = "Higher Angular Momenta and Long Range Interaction in Resonance Reactions",
year         = "1947",
month        = "July",
journal      = "Physical Review",
volume       = "72",
number       = "1",
pages        = "29--41",
note         = "{DOI: https://doi.org/10.1103/PhysRev.72.29}",
}

@ARTICLE{Teichmann_Wigner_1952,
author       = "Teichmann, T. and Wigner, E. P.",
title        = "Sum Rules in the Dispersion Theory of Nuclear Reactions",
year         = "1952",
month        = "July",
journal      = "Physical Review",
volume       = "87",
number       = "1",
pages        = "123--135",
note         = "{DOI: https://doi.org/10.1103/PhysRev.87.123}",
}

@ARTICLE{Bloch_1957,
author       = "Bloch, C.",
title        = "Une formulation unifiée de la théorie des réactions nucléaires",
organization = "Centre d'Études Nucléaires de Saclay, Gif-sur-Yvette",
year         = "1957",
month        = "avril",
journal      = "Nuclear Physics",
volume       = "4",
pages        = "503--528",
publisher    = "North-Holland Publishing Co., Amsterdam",
}


@ARTICLE{Lane_and_Thomas_1958,
author       = "Lane, A. M. and Thomas, R. G.",
title        = "{R}-matrix theory of nuclear reactions",
year         = "1958",
journal      = "Reviews of Modern Physics",
volume       = "30",
number       = "2",
pages        = "257--353",
}


@ARTICLE{Wigner_Thresholds_1948,
author       = "Wigner, E. P.",
title        = "On the Behavior of Cross Sections Near Thresholds",
year         = "1948",
month        = "May",
journal      = "Physical Review",
volume       = "73",
number       = "9",
pages        = "1002--1009",
}

@ARTICLE{Teichmann_1950_Cross_sections_behavior_PhysRev.77.506,
author       = "Teichmann, T.",
title        = "Some General Properties of Nuclear Reaction and Scattering Cross Sections",
year         = "1950",
month        = "February",
journal      = "Physical Review",
volume       = "77",
pages        = "506--515",
note         = "{https://doi.org/10.1103/PhysRev.77.506}",
}

@PHDTHESIS{Teichmann_thesis_1949,
author       = "Teichmann, Theodor",
title        = "Some general properties of nuclear reactions cross-sections and level widths",
school       = "Princeton University, Department of Physics",
year         = "1949",
type         = "PhD thesis",
month        = "June",
}


@ARTICLE{Boundary_condition_Barker_1972,
author       = "Barker, F. C.",
title        = "{T}he {B}oundary {C}ondition {P}arameter in {R}-matrix {T}heory",
year         = "1972",
journal      = "Australian Journal of Physics",
volume       = "25",
pages        = "341--348",
note         = "{https://doi.org/10.1071/PH720341}",
}


@ARTICLE{Brune_2002,
author       = "Brune, C. R.",
title        = "Alternative parametrization of {R}-matrix theory",
year         = "2002",
month        = "October",
journal      = "Physical Review C",
volume       = "66",
number       = "044611",
note         = "{DOI: 10.1103/PhysRevC.66.044611}",
}


@ARTICLE{G_Hale_channel_radius_limit_2014_PhysRevC.89.014623,
author       = "Hale, Gerald M. and Brown, Lowell S. and Paris, Mark W.",
title        = "{E}ffective field theory as a limit of
{R}-matrix theory for light nuclear reactions",
year         = "2014",
month        = "January",
journal      = "Physical Review C",
volume       = "89",
number       = "014623",
note         = "{https://doi.org/10.1103/PhysRevC.89.014623}",
}



@ARTICLE{Brune_Mark_monotonic_properties_of_shift_2018,
author       = "Brune, Carl R. and Hale, Gerald M. and Paris, Mark W.",
title        = "Monotonic properties of the shift and penetration factors",
year         = "2018",
month        = "February",
journal      = "Physical Review C",
volume       = "97",
number       = "024603",
note         = "{https://doi.org/10.1103/PhysRevC.97.024603}",
}

@ARTICLE{Descouvemont_2010,
author       = "Descouvemont, Pierre and Baye, D.",
title        = "The {R}-matrix theory",
journal      = "Reports on progress in physics",
volume       = "73",
issue        = "3",
pages        = "036301"
year         = "2010",
note         = "{http://dx.doi.org/10.1088/0034-4885/73/3/036301}",
}



@ARTICLE{Feshbach_Unified_Theory_of_Nuclear_Reactions_1964,
author       = "Feshbach, Herman",
title        = "Unified Theory of Nuclear Reactions",
year         = "1964",
month        = "October",
journal      = "Reviews of Modern Physics",
volume       = "36",
number       = "1076",
note         = "{https://journals.aps.org/rmp/pdf/10.1103/RevModPhys.36.1076
}",
}


@ARTICLE{Scattering_Matrix_Expansions_and_Invariance_Ducru_ArXiv_2019,
author       = "Ducru, Pablo and Hale, Gerald and Paris, Mark and Sobes, Vladimir and Forget, Benoit",
title        = "{S}cattering matrix pole expansions \& invariance with respect to {R}-matrix parameters",
year         = "2019",
month        = "March",
journal      = "arXiv",
note         = "{https://arxiv.org/abs/1903.02661}",
}

@ARTICLE{Ducru_shadow_Brune_Poles_2019,
author       = "Ducru, Pablo and Hale, Gerald and Paris, Mark and Sobes, Vladimir and Forget, Benoit",
title        = "{S}hadow and analytic {B}rune poles in {R}-matrix theory",
year         = "2019",
month        = "August",
journal      = "Physical Review C",
note         = "{work-in-progress}",
}

@ARTICLE{Ducru_Scattering_Matrix_of_Complex_Wavenumbers_2019,
author       = "Ducru, Pablo and Hale, Gerald and Paris, Mark and Sobes, Vladimir and Forget, Benoit",
title        = "{S}cattering matrix of complex wavenumbers in {R}-matrix theory",
year         = "2019",
month        = "August",
journal      = "Physical Review C",
note         = "{work-in-progress}",
}


@ARTICLE{Generalized_Reich_Moore_2017,
author       = "Arbanas, Goran and Sobes, Vladimir and Holcomb, Andrew and Ducru, Pablo and Pigni, Marco and Wiarda, Dorothea",
title        = "{G}eneralized {R}eich-{M}oore {R}-matrix approximation",
year         = "2017",
month        = "",
journal      = "EPJ Web of Conferences",
volume       = "146",
number       = "12006",
note         = "{https://doi.org/10.1051/epjconf/201714612006}",
}

##########################################################
###### R-matrix theory CODES and evaluations
##########################################################

@ARTICLE{ENDF_VIII,
author       = " Brown, D.A. and Chadwick, M.B. and Capote, R. and Kahler, A.C. and Trkov, A. and Herman, M.W. and Sonzogni, A.A. and Danon, Y. and Carlson, A.D. and Dunn, M. and Smith, D.L. and Hale, G.M. and Arbanas, G. and Arcilla, R. and Bates, C.R. and Beck, B. and Becker, B. and Brown, F. and Casperson, R.J. and Conlin, J. and Cullen, D.E. and Descalle, M.-A. and Firestone, R. and Gaines, T. and Guber, K.H. and Hawari, A.I. and Holmes, J. and Johnson, T.D. and Kawano, T. and Kiedrowski, B.C. and Koning, A.J. and Kopecky, S. and Leal, L. and Lestone, J.P. and Lipitz, C. and M\'arquez Dami\'an, J.I. and Mattoon, C.M. and McCutchan, E.A. and Mughabghab, S. and Navratil, P. and Neudecker, D. and Nobre, G.P.A. and Noguere, G. and Paris, M. and Pigni, M.T. and Plompen, A.J. and Pritychenko, B. and Pronyaev, V.G. and Roubtsov, D. and Rochman, D. and Romano, P. and Schillebeeckx, P. and Simakov, S. and Sin, M. and Sirakov, I. and Sleaford, B. and Sobes, V. and Soukhovitskii, E.S. and Stetcu, I. and Talou, P. and Thompson, I. and van der Marck, S. and Wesler-Sherrill, L. and Wiarda, D. and White, M. and Wormald, J.L. and Wright, R.Q. and Zerkle, M. and Zeronik, G. and Zhu, Y. ",
title        = "{ENDF}/{B}-{VIII}.0: {T}he 8-th {M}ajor {R}elease of the {N}uclear {R}eaction {D}ata {L}ibrary with {CIELO}-project {C}ross {S}ections, {N}ew {S}tandards and {T}hermal {S}cattering {D}ata",
year         = "2018",
month        = "February",
journal      = "Nuclear Data Sheets",
volume       = "148",
pages        = "1-142",
note         = "{https://doi.org/10.1016/j.nds.2018.02.001}",
}


@ARTICLE{EDA_2015,
author       = " Hale, Gerald M. and Paris, Mark W.",
title        = "{D}ata {C}ovariances from {R}-{M}atrix {A}nalyses of {L}ight {N}uclei",
year         = "2015",
month        = "January",
journal      = "Nuclear Data Sheets",
volume       = "123",
pages        = "165-170",
note         = "{https://doi.org/10.1016/j.nds.2014.12.029}",
}


@ARTICLE{EDA_2008,
author       = " Hale, Gerald M.",
title        = "{C}ovariances from {L}ight-{E}lement {R}-{M}atrix {A}nalyses",
year         = "2008",
journal      = "Nuclear Data Sheets",
volume       = "109",
pages        = "2812-2816",
note         = "{https://doi.org/10.1016/j.nds.2008.11.015}",
}

@ARTICLE{AZURE_2010,
author       = " Azuma, R.E. and Uberseder, E. and Simpson, E.C. and Brune, C.R. and Costantini, H. and de Boer, R. J. and G\"orres, J. and Heil, M. and LeBlanc, P.J. and Ugalde, C. and Wiescher, M.",
title        = "{AZURE}: {A}n {R}-matrix code for nuclear astrophysics",
year         = "2010",
journal      = "Physical Review C"",
volume       = "81",
number       = "045805",
note         = "{https://doi.org/10.1103/PhysRevC.81.045805}",
}

@MANUAL{SAMMY_2008,
author       = " Larson, Nancy M.",
organization = "ORNL",
title        = "{U}pdated User's Guide for {SAMMY}",
year         = "2008",
month        = "October",
journal      = "Nuclear Data Sheets",
note         = "{https://info.ornl.gov/sites/publications/files/Pub13056.pdf}",
}



##########################################################
###### S-matrix theory
##########################################################

@ARTICLE{Theory_of_Nuclear_Reactions_I_resonances_Humblet_and_Rosenfeld_1961,
author       = "Humblet, J. and Rosenfeld, L.",
title        = "{T}heory of {N}uclear {R}eactions, {I}. {R}esonant {S}tates and {C}ollision {M}atrix",
year         = "1961",
month        = "May",
journal      = "Nuclear Physics",
volume       = "26",
pages        = "529--578",
}

@ARTICLE{Theory_of_Nuclear_Reactions_II_optical_model_Rosenfeld_1961,
author       = "Rosenfeld, L.",
title        = "{T}heory of {N}uclear {R}eactions, {II}. {T}he {F}oundation of the {O}ptical {M}odel",
year         = "1961",
month        = "May",
journal      = "Nuclear Physics",
volume       = "26",
pages        = "594--607",
}

@ARTICLE{Theory_of_Nuclear_Reactions_III_Channel_radii_Humblet_1961_channel_Radii,
author       = "Humblet, J. ",
title        = "{T}heory of {N}uclear {R}eactions, {III}. {P}hysical {Q}uantities and {C}hannel {R}adii",
year         = "1962",
journal      = "Nuclear Physics",
volume       = "31",
pages        = "544--549",
}

@ARTICLE{Theory_of_Nuclear_Reactions_IV_Coulomb_Humblet_1964,
author       = "Humblet, J. ",
title        = "{T}heory of {N}uclear {R}eactions, {IV}. {C}oulomb {I}nteractions in the {C}hannels and {P}enetration {F}actors",
year         = "1964",
journal      = "Nuclear Physics",
volume       = "50",
pages        = "1--16",
}


@ARTICLE{Theory_of_Nuclear_Reactions_V_low_energy_penetrations_Jeukenne_1965,
author       = "Jeukenne, J. P. ",
title        = "{T}heory of {N}uclear {R}eactions, {V}. {P}enetration {F}actors for {C}harged {P}articles in {L}ow {E}nergy {N}uclear {R}eactions",
year         = "1965",
journal      = "Nuclear Physics",
volume       = "58",
pages        = "1--8",
}


@ARTICLE{Theory_of_Nuclear_Reactions_VI_unitarity_Humblet_1964,
author       = "Humblet, J. ",
title        = "{T}heory of {N}uclear {R}eactions, {VI}. {U}nitarity, {O}pen and {C}losed {C}hannels",
year         = "1964",
journal      = "Nuclear Physics",
volume       = "57",
pages        = "386--401",
}

@ARTICLE{Theory_of_Nuclear_Reactions_VII_Photons_Mahaux_1965,
author       = "Mahaux, C. ",
title        = "{T}heory of {N}uclear {R}eactions, {IX}. {F}ew {L}evels {A}pproximations",
year         = "1965",
journal      = "Nuclear Physics",
volume       = "68",
pages        = "481--503",
}

@ARTICLE{Theory_of_Nuclear_Reactions_VIII_evolutions_Rosenfeld_1965,
author       = "Rosenfeld, L.",
title        = "{T}heory of {N}uclear {R}eactions, {VIII}. {T}ime {E}volution of the {S}cattering {P}rocess",
year         = "1965",
journal      = "Nuclear Physics",
volume       = "70",
pages        = "1--27",
}


@ARTICLE{Theory_of_Nuclear_Reactions_IX_few_levels_approx_Mahaux_1965,
author       = "Mahaux, C. ",
title        = "{T}heory of {N}uclear {R}eactions, {IX}. {F}ew {L}evels {A}pproximations",
year         = "1965",
journal      = "Nuclear Physics",
volume       = "71",
pages        = "241--266",
}


@ARTICLE{complex_energy_above_inoization_threshold_1969,
author       = "McDonald, F. A. and Nuttall, J.",
title        = "{C}omplex-{E}nergy {M}ethod for {E}lastic e-{H} {S}cattering above the {I}onization {T}hreshold",
year         = "1969",
journal      = "Physical Review Letters",
volume       = "23",
number       = "3",
pages        = "361--363",
}

@ARTICLE{S-matrix-complex_resonance_parameters_Csoto_1997,
author       = "Csoto, Attila and Hale, Gerald",
title        = "{S}-matrix and {R}-matrix determination of the low-energy 5-{H}e and 5-{L}i resonance parameters",
year         = "1997",
journal      = "Physical Review C",
volume       = "55",
number       = "1",
pages        = "536--539",
}

@ARTICLE{Humblet_1990,
author       = "Humblet, J.",
title        = "K-matrix analysis of resonance nuclear reactionss",
year         = "1990",
journal      = "Physical Review C",
volume       = "42",
number       = "4",
pages        = "1582--1591",
}



@ARTICLE{Favella_and_Reineri_1962,
author       = "Favella, L. and Reineri, M. T.",
title        = "Properties of the S-Matrix as a Function of the Complex Angular Momentum for the Many-Channel Case for the Dirac Equation",
organization = "Istituto di Fisica dell'Università, Torino. Istituto Nazionale di Fisica Nucleare, sezione di Torino",
year         = "1962",
month        = "Febbraio",
journal      = "Il Nuovo Cimento",
volume       = "XXIII",
number       = "3",
pages        = "616--640",
}



@PHDTHESIS{Humblet_thesis,
author       = "J. Humblet",
title        = "",
school       = "Roy. soc. des sci. de Liège Ser. 4, {\bf 7}, No. 4",
year         = "1952",

type         = "thesis",
address      = "",
month        = "",
note         = "",
}



##########################################################
###### R-matrix theory for electronic atomistic and molecular collisions
##########################################################

@INBOOK{atomistic_R_matrix_2011,
author    = "P. Burke",
editor    = "Springer",
title     = "{R}-Matrix Theory of Atomistic Collisions",
year      = "2011",
eprint    = "ISSN 1615-5653",
}


@ARTICLE{electron-molecule-scattering-R-matrix-Burke-1979,
author       = "Buckley, B. D. and Burke, P. G. and Vo Ky Lan",
title        = "{R}-matrix calculations for electron-molecule scattering",
journal      = "Computer Physics Communications",
volume       = "17",
year         = "1979",
pages        = "175--179",
}

@ARTICLE{QB-method_R-matrix_1996,
author       = "Quigley, Lisa and Berrington, Keith",
title        = "The QB method: analysing resonances using {R}-matrix theory. Applications to C+, He and Li",
year         = "1996",
journal      = "Journal of Physics B: Atomic, Molecular, and Optical Physics",
volume       = "29",
pages        = "4529--4542",
url          = {http://stacks.iop.org/0953-4075/29/i=20/a=011},
}

@ARTICLE{polyatomic-molecules-using-R-matrix-Royal-Society,
author       = "Tennyson, Jonathan and Morgan, Lesley A.",
title        = "Electron collisions with polyatomic molecules using the {R}-matrix method",
year         = "1999",
journal      = "Philosophical Transactions of the Royal Society A",
volume       = "357",
pages        = "1161--1173",
note         = {DOI: 10.1098/rsta.1999.0369},
}

@INBOOK{Burke-R-matrix-theory-of-atomic-processes,
author       = "Burke, P. G. and Robb, W. D.",
title        = "The {R}-Matrix Theory of Atomic Processes",
year         = "2008",
note         ={https://doi.org/10.1016/S0065-2199(08)60030-5},
}

@INBOOK{Computational_methods_in_R-matrix-2007,
author       = "Plummer, Martin and Gorfinkiel, Jimena D. and Tennyson, Jonathan",
title        = "Mathematical and computational methods in {R}-matrix theory",
year         = "2007",
eprint       = "ISBN 978-0-9556616-3-1",
note         = {http://www.ccp2.ac.uk/R-matrix\_booklet\_2007.pdf},
}



##########################################################
###### Poles and shadow poles
##########################################################

@article{Eden_and_Taylor,
title = {Poles and Shadow Poles in the Many-Channel $S$ Matrix},
author = {Eden, R. J. and Taylor, J. R.},
journal = {Physical Review},
volume = {133},
issue = {6B},
pages = {B1575--B1580},
numpages = {0},
year = {1964},
month = {Mar},
publisher = {American Physical Society},
doi = {10.1103/PhysRev.133.B1575},
url = {https://link.aps.org/doi/10.1103/PhysRev.133.B1575}
}

@ARTICLE{Hale_1987,
author       = "Hale, G. M. and Brown, R. E. and Jarmie, N.",
title        = "Pole Structure of the J-pi = 3/2+ Resonance in He-5",
year         = "1987",
month        = "August",
journal      = "Physical Review Letters",
volume       = "59",
number       = "7",
pages        = "763--766",
}

@ARTICLE{anti-Hale_1987,
author       = "Morgan, D. and Pennington, M. R.",
title        = "Pole Structure in Nuclear and Particle Physics",
year         = "1987",
month        = "December",
journal      = "Physical Review Letters",
volume       = "59",
number       = "24",
pages        = "2818",
}


##########################################################
###### R-matrix radioactive states
##########################################################



@article{Siegert,
title = {On the Derivation of the Dispersion Formula for Nuclear Reactions},
author = {Siegert, A. J. F.},
journal = {Physical Review},
volume = {56},
issue = {8},
pages = {750--752},
year = {1939},
month = {Oct},
publisher = {American Physical Society},
doi = {10.1103/PhysRev.56.750},
url = {https://link.aps.org/doi/10.1103/PhysRev.56.750},
}

@ARTICLE{Breit_radioactive_1940,
title = {Scattering Matrix of Radioactive States},
author = {Breit, G.},
journal = {Physical Review},
volume = {58},
pages = {1068--1074},
year = {1940},
month = {December},
doi = {DOI:https://doi.org/10.1103/PhysRev.58.1068},
}

@ARTICLE{Radioactive_Mahaux_1969,
author     = {Lejeune, A. and Mahaux, C.},
title      = {Wave Functions Near Resonance and {R}-matrix expansion},
journal    = {Nuclear Physics A},
volume     = {145},
issue      = {2},
pages      = {613--656},
year       = {1970},
month      = {April},
note       = {https://doi.org/10.1016/0375-9474(70)90445-8},
}

@article{Radioactive_states_Roumania,
title = {{R}adioactive {S}tates in {R}-matrix {T}heory},
author = {Comisel, H and Hategan, C. and Ionescu, R. A.},
journal = {Romanian Journal Physics},
volume = {57},
issue = {1-2},
pages = {138--148},
year = {2012},
url = {http://www.nipne.ro/rjp/2012\_57_1-2/0138_0148.pdf}
}

@article{Eigenchannel_Treatment_Of_R_Matrix_Theory,
title = {{E}igenchannel treatment of {R}-matrix theory},
author = {Li, Jia-Ming and Ky, Lan Vo and Qu, Yi-Zhi and Zhang, Pei-Hong and Zhou, Hsiao-Ling and Faucher, Paul},
journal = {Physical Review A},
volume = {55},
number = {4},
pages = {3239--3242},
year = {1997},
url = {https://doi.org/10.1103/PhysRevA.55.3239}
}


##########################################################
###### Mittag-Leffler expansions of S-matrix
##########################################################

@ARTICLE{Finding_resonances_near_resonances_1987,
author     = {Schwenke, David W. and Truhlar, Donald, G.},
title      = {Accurate partial resonance widths for collinear reactive collisions},
journal    = {The Journal of Chemical Physics},
volume     = {87},
pages      = {1095},
year       = {1987},
note       = {https://doi.org/10.1063/1.453342},
}

@ARTICLE{The_Role_of_Resonances_in_Building_Cross_Sections-The_Mittag-Leffler_Expansion_in_a_Two_Channel_Scattering_2008,
author     = {Shilyaeva, Ksenia and Elander, Nils and Yarevsky, Evgeny},
title      ={The Role of Resonances in Building
Cross Sections: The Mittag-Leffler
Expansion in a Two Channel Scattering},
journal    = {International Journal of Quantum Chemistry},
volume     = {109},
pages      = {414-424},
year       = {2009},
note       = {DOI 10.1002/qua.21807},
}

@ARTICLE{Individual_Resonances_using_Mittag_Leffler_2009,
author     = {Shilyaeva, Ksenia and Yarevsky, Evgeny and Elander, Nils},
title      = {Identifying resonance structures in a scattering cross section using the N3+ + H -> NH3+ -> N2+ + H+ reaction as an example},
journal    = {Journal of Physics B: Atomic, Molecular and Optical Physics},
volume     = {42},
number     = {4},
year       = {2009},
note       = {doi:10.1088/0953-4075/42/4/044011},
}


@ARTICLE{Mittag_Leffler_vs_Green_T_for_S-matrix_resoances_2006,
author     = {Shilyaeva, Ksenia and Elander, Nils and Yarevsky, Evgeny},
title      = {Role of Resonances in Building Cross Sections: Comparison Between the Mittag–Leffler and the T-matrix Green Function Expansion Approaches},
journal    = {International Journal of Quantum Chemistry},
volume     = {107},
pages     = {1301-1315},
year       = {2007},
note       = {DOI 10.1002/qua.21257},
}


@ARTICLE{,
author     = {Rakityansky, S. A. and Elander, N.},
title      = {Analyzing the contribution of individual resonance poles of the S-matrix to the two-channel scattering},
journal    = {International Journal of Quantum Chemistry},
volume     = {106},
issue      = {5},
year       = {2005},
month      = {November},
note       = {https://doi.org/10.1002/qua.20859},
}


##########################################################
###### Higher-order poles of S-matrix
##########################################################


@ARTICLE{Double_poles_Laurent_S-Matrix_Mexico_2002,
author     = {Hernandez, E. and Jauregui, A. and Mondragon, A.},
title      = {{J}ordan blocks and {G}amow-{J}ordan eigenfunctions associated with a degeneracy of unbound states},
journal    = {Physical Review A},
volume     = {67},
year       = {2003},
pages      = {022721},
note       = {https://doi.org/10.1103/PhysRevA.67.022721},
}


@ARTICLE{S-matrix_poles_crossing_W_Vanroose_1997,
author     = {Vanroose, W. and Van Leuven, P. and Arickx, F and Broeckhove, J.},
title      = {Double poles of the S-matrix in a two-channel
model},
journal    = {Journal of Physics A: Mathematical and General},
volume     = {30},
number     = {15},
year       = {1997},
note       = {https://doi.org/10.1088/0305-4470/30/15/034},
}




##########################################################
###### Level repulsion : No-crossing rule
##########################################################


@article{Exceptional_points_Hamiltonian_Michel,
title = {Radioactive States in {R}-matrix Theory},
author = {Michel, N. and Nazarewicz, W. and Okolowicz, J and Ploszajczak, M.},
journal = {Journal of Physics G: Nuclear and Particle Physics},
volume = {37},
number={6},
pages = {064042},
year = {2010},
url = {http://stacks.iop.org/0954-3899/37/i=6/a=064042}
}

@article{Exceptional_points_scattering,
title = {Exceptional points in the scattering continuum},
author = {Okolowicz, J and Ploszajczak, M.},
journal = {Physical Review C},
volume = {80},
number={034619},
year = {2009},
url = {DOI: 10.1103/PhysRevC.80.034619}
}


@ARTICLE{Owusu_2009,
author       = "Owusu, H. K. and Wagh, K. and Yuzbashyan, E. A.",
title        = "The link between integrability, level crossings and exact solution in quantum models",
year         = "2009",
month        = "December",
journal      = "Journal of Physics A: Mathematical and Theoretical",
volume       = "42",
number       = "035206",
note         = "{doi: 10.1088/1751-8113/42/3/035206}",
}


@ARTICLE{Level_repulsion_Demkov_Kurasov_2007,
author       = "Demkov, Yu. N. and Kurasov, P. B.",
title        = "Von Neumann-Wigner Theorem: Level Repulsion and Degenerate Eigenvalues",
year         = "2007",
journal      = "Theoretical and Mathematical Physics",
volume       = "153",
number       = "1",
pages        = "1407--1422",
}



##########################################################
######  Doppler Broadening
##########################################################

@article{solbrig1961doppler,
title={Doppler Effect in Neutron Absorption Resonances},
author={Solbrig Jr, AW},
journal={American Journal of Physics},
volume={29},
pages={257},
year={1961}
}

@article{SIGMA1,
Author = {Cullen, Dermott E.},
Journal = {Nuclear Science and Engineering},
Pages = {199--229},
Title = {Exact Doppler Broadening of Tabulated Cross Sections},
Volume = {60},
Year = {1976}}

@article{Fourier_X_Ferrand_Doppler_broadening_2015,
Author = {Ferran, Ghislain and Haeck, Wim and Gonin, Michel},
Journal = {Nuclear Science and Engineering},
Pages = {285--301},
Title = {A New Method for the Doppler Broadening of the Solbrig's Kernel Using a Fourier Transform},
Volume = {179},
Year = {2015}}

@article{Trumbull_2006,
Author = {Trumbull, T.H.},
Journal = {Nuclear Technology},
Pages = {75--86},
Title = {Treatment of Nuclear Data for Transport Problems Containing Detailed Temperature Distributions},
Volume = {156},
Year = {2006}}

@ARTICLE{Ducru_JCP_2017,
author       = "Ducru, P. and Josey, C. and Dibert, K. and Sobes, V. and Forget, B. and Smith, K.",
title        = "Kernel reconstruction methods for Doppler broadening",
year         = "2017",
journal      = "Journal of Computational Physics",
volume       = "335",
pages        = "535--557",
note         = "{http://dx.doi.org/10.1016/j.jcp.2017.01.039}",
}


@ARTICLE{Liang_Ducru_ANS_2017,
author       = "Liang, Jingang and Ducru, Pablo and Forget, Benoit",
title        = "{T}arget {V}elocity {S}ampling for {R}esonance {E}lastic {S}cattering using {W}indowed {M}ultipole {C}ross {S}ection {D}ata",
year         = "2018",
journal      = "Transactions of the American Nuclear Society",
month        = "November 11-15",
volume       = "119",
pages        = "1163--1166",
note         = "{http://dx.doi.org/10.1016/j.jcp.2017.01.039}",
}


@ARTICLE{Ducru_ANS_2016,
author       = "Ducru, P. and Dibert, K. and Josey, C. and Forget, B. and Sobes, V. and Smith, K.",
title        = "Optimal temperature grid for accurate Doppler kernel reconstruction",
year         = "2016",
month        = "November",
journal      = "Transactions of the American Nuclear Society",
volume       = "115",
pages        = "1148--1151",
}


@article{Ducru_ANS_2015,
Author = {Ducru, Pablo and Josey, Colin and Sobes, Vladimir and Forget, Benoit and Smith, Kord},
Journal = {Transactions of American Nuclear Society},
Title = {Doppler Broadening by Linear Combination of Reference Temperature Cross Sections},
Volume = {113},
Year = {2015}}

@article{Chines_Linear_Interpolation,
Author = {Peng, Sitao and Zhang, Allan B. Shaohong and Jiang, Xiaofeng},
Journal = {Annals of Nuclear Energy},
Keywords = {Doppler-broadening, Maxwellian distribution, Temperature interpolation},
Pages = {155--160},
Title = {Investigations on the point-wise neutron cross-section temperature interpolation methods},
Volume = {45},
Year = {2012}}




@article{otfdoppler,
author = {Yesilyurt, G. and Martin, W.R. and Brown, F.B.},
journal = {Nucl. Sci. Eng.},
number = {3},
pages = {239--257},
title = {{On-the-Fly Doppler Broadening for Monte Carlo Codes}},
volume = {171},
year = {2012}
}

@inproceedings{martin2013implementation,
title={Implementation of on-the-fly Doppler broadening in MCNP},
author={Martin, William R and Wilderman, Scott and Brown, Forrest B and Yesilyurt, Gokhan},
booktitle={International Conference on Mathematics and Computational Methods Applied to Nuclear Science and Engineering, Sun Valley, Idaho},
year={2013}
}

@article{Viitanen,
author = {Viitanen, T. and Leppanen, J.},
journal = {Nuclear Science and Engineering},
pages = {165--173},
title = {{Explicit treatment of thermal motion in continuous-energy Monte Carlo tracking routines}},
volume = {171},
year = {2012}
}

@article{Viitanen2,
author = {Viitanen, T. and Leppanen, J.},
journal = {Proceedings of M\&C 2013 Sun Valley, ID},
title = {{Optimizing the Implementation of the Target Motion Sampling Temperature Treatment Technique - How Fast can it get?}},
year = {2013}
}



@article{Leal_Hwang_1987,
title={Finite difference method for treating the Doppler broadening of neutron cross sections},
author={Leal, Luiz C and Hwang, Richard N},
journal={Trans. Am. Nucl. Soc.},
volume={55},
year={1987},
publisher={Oak Ridge National Lab., TN (USA)}
}



@inproceedings{Hart_PHYSOR,
AUTHOR       = {S.W.D.Hart and G.I.Maldonado and C.Celik and L.C.Leal},
TITLE        = {Problem-Dependent Doppler Broadening of Continuous-Energy Cross Sections in the {KENO} {M}onte {C}arlo Computer Code},
BOOKTITLE    = {Proceedings of PHYSOR 2014},
YEAR         = {2014},
Month        = {September}
}

@inproceedings{Viitanen_PHYSOR,
AUTHOR       = {T.Viitanen and J.Leppanen and B.Forget},
TITLE        = {Target Motion Sampling Temperature Treatment Technique with Track-Length Estimators in {O}pen{MC} - Preliminary Results},
BOOKTITLE    = {Proceedings of PHYSOR 2014},
YEAR         = {2014},
Month        = {September}
}


@article{Conlin,
author = {Conlin, J.L. and Ji, W. and Lee, J.C. and Martin, W.R.},
journal = {Transactions of the American Nuclear Society},
pages = {225--227},
title = {{Pseudo Material Construct for Coupled Neutronic-Thermal-Hydraulic Analysis of VHTGR}},
volume = {92},
year = {2005}
}





##########################################################
######   Pole representation of R-matrix cross sections
##########################################################

@techreport{POLLA,
author = {de Saussure, G. and Perez, R.B.},
title = {POLLA, A FORTRAN Program to Convert {R}-Matrix-Type Multilevel Resonance Parameters into
Equivalent Kapur-Peierls-Type Parameters},
institution = {Oak Ridge National Laboratory},
number = {ORNL-2599},
year = {1969}
}

@article{Hwang_1987,
author = {Hwang, Richard N},
journal = {Nucl. Sci. Eng.},
pages = {192--209},
title = {{A rigorous pole representation of multilevel cross sections and its practical applications}},
volume = {96},
year = {1987}
}

@article{Hwang_1992,
author = {Hwang, R. N.},
journal = {Nucl. Sci. Eng.},
title = {{An Extension of the Rigorous Pole Representation of Cross Sections for Reactor Applications}},
volume = {111},
pages = {113--131},
number={2},
year = {1992},
publisher={American Nuclear Society}
}

@article{Hwang_1998,
title={Recent Developments Pertinent to Processing of ENDF/B-6 Type Resonnance Cross Section Data},
author={R. N. Hwang},
journal={International Conference on the Physics of Nuclear Science and Technology},
year={1998},
}

@article{Jammes_1999,
title={Conversion of Single- and Multilevel Breit-Wigner Resonance Parameters to Pole Representation Parameters},
author={C. Jammes and R. N. Hwang},
journal={Nuclear Science and Engineering},
volume={134},
pages={37-49},
year={2000},
}



@article{Forget_2013,
title={Direct Doppler broadening in Monte Carlo simulations using the multipole representation},
author={Forget, Benoit and Xu, Sheng and Smith, Kord},
journal={Annals of Nuclear Energy},
volume={64},
pages={78--85},
year={2014},
publisher={Elsevier}
}


@inproceedings{Josey_PHYSOR_2014,
AUTHOR       = {Colin Josey and Benoit Forget and Kord Smith},
TITLE        = {Efficiency and Accuracy Evaluation of the Windowed Multipole Direct Doppler Broadening Method},
BOOKTITLE    = {Proceedings of PHYSOR 2014},
YEAR         = {2014},
Month        = {September}
}

@article{Josey_JCP_2016,
title={Windowed multipole for cross section Doppler broadening},
author={Josey, C and Ducru, P and Forget, B and Smith, K},
Journal = {Journal of Computational Physics},
volume={307},
pages={715-727},
year={2016},
}


@inproceedings{Ducru_PHYSOR_conversion_2016,
AUTHOR       = {Pablo Ducru and Vladimir Sobes and Benoit Forget and Kord Smith},
TITLE        = {On methods for conversion of {R}-matrix resonance parameters to multi-pole formalism},
BOOKTITLE    = {Proceedings of PHYSOR 2016},
YEAR         = {2016},
Month        = {May 1-5},
Pages        = {2138--2150},
}



@article{Multipole_regulatized_VF_2018,
title={{C}onverting point-wise nuclear cross sections to pole representation using regularized vector fitting},
author={Peng, XingJie and Ducru, Pablo and Liu, ShiChang, and Forget, Benoit and Liang, Jingang},
Journal = {Computer Physics Communications},
volume={224},
pages={52-62},
year={2018},
}




@ARTICLE{Ducru_WMP_Phys_Rev_C_2019,
author       = "Ducru, Pablo and Sobes, Vladimir and Hale, Gerald and Paris, Mark and Forget, Benoit",
title        = "Windowed pole representation of R-matrix cross sections",
year         = "2019",
month        = "August",
journal      = "Physical Review C",
volume       = "00",
number       = "0",
pages        = "000--000",
note         = "{work-in-progress}"
}

##########################################################
######   Reactor physics references
##########################################################


@MANUAL{ENDF_2011,
author={Chadwick, MB and Herman, M and Oblo{\v{z}}insk{\`y}, P and Dunn, Michael E and Danon, Y and Kahler, AC and Smith, Donald L and Pritychenko, B and Arbanas, Goran and Arcilla, R and others},
title={{ENDF/B-VII.1} nuclear data for science and technology: cross sections, covariances, fission product yields and decay data},
organization = "National Nuclear Data Center",
organization = "Chips-R-Us",
address = "Brookhaven National Laboratory, Upton, NY 11973-5000",
month = July,
year = 2010,
}


@TECHREPORT{Frohner_Jeff_2000,
title       = "Evaluation and analysis of nuclear resonance data",
author      = "Frohner, F. H.",
journal     = "Jeff",
number      = "18",
year        = 2000,
institution = "IAEA",
}



@MANUAL{SAMMY,
title={Updated user's guide for SAMMY: multilevel R-matrix fits to neutron data using Bayes' equation},
author={Larson, N. M.},
journal={Oak Ridge National Lab., TN (United States)},
year={1996},
publisher={Funding organisation: USDOE Office of Energy Research, Washington, DC (United States)}
}

@article{Handbook,
title={Neutron Cross Section Measurements},
author={ Robet C. Block and Yaron Danon and Frank Gunsing and Robet C. Haight},
journal={Handbook of Nuclear Engineering},
volume={1},
number={1},
pages={1-74},
year={2010},
publisher={Springer US}
}



@book{hebert2009applied,
title={Applied reactor physics},
author={Hebert, Alain},
year={2009},
publisher={Presses inter Polytechnique}
}

@inbook{azmy2010nuclear,
title={Nuclear computational science: a century in review},
author={Azmy, Yousry and Sartori, Enrico},
year={2010},
chapter={Resonance Theory in Reactor Applications},
pages={231--233},
publisher={Springer}
}




##########################################################
######   Reactor physics computing
##########################################################


##########################################################
######  Boltzman Transport
##########################################################

@ARTICLE{Particle_Transport_Los_Alamos_1975,
author       = "Carter, L. L. and Cashwell, E. D.",
title        = "Particle-Transport Simulation with the Monte Carlo Method",
year         = "1975",
month        = "February",
journal      = "ERDA critical review series",
volume       = "TID-26607",
note         = "{https://inis.iaea.org/collection/NCLCollectionStore/_Public/07/227/7227109.pdf}"
}

@ARTICLE{Neutron_and_Photon_Transport_Hungary_1990,
author       = "Lux, Ivan and Koblinger, Laszlo",
title        = "{M}onte {C}arlo {P}article {T}ransport {M}ethods: {N}eutron and {P}hoton {C}alculations",
year         = "1990",
journal      = "ECDC Press",
volume       = "ISBN 0-8493-6074-9 ",
note         = "https://gnssn.iaea.org/NSNI/Shared%20Documents/OPEN%20Shared%20Files/MonteCarloParticleTransportMethodsNeutronAndPhotonCalculations.pdf}"
}


@INBOOK{Boltzmann_Monte_Carlo_Struckmeier_2000,
author       = "Struckmeier, J.",
title        = "Numerical Simulation of the Boltzmann Equation by Particle Methods",
editor    = " Bellomo, N. and Pulvirenti, M.",
booktitle = "Magnetism",
publisher = "Birkh\"auser",
address   = " Boston, MA",
year      = "2000",
note         = "{https://doi.org/10.1007/978-1-4612-0513-5_10}",
}



@ARTICLE{Convergence_of_Bird_Monte_Carlo_to_the_Boltzmann_transport_1991,
author       = "Wagner, Wolfgang",
title        = "A Convergence Proof for Bird's Direct Simulation
Monte Carlo Method for the Boltzmann Equation",
year         = "1992",
month        = "February",
journal      = "Journal of Statistical Physics",
volume       = "66",
number       = "3-4",
pages        = "1011--1044",
note         = "{https://doi.org/10.1007/BF01055714}"
}

@ARTICLE{Convergence_of_covalent_materials_Monte_Carlo_to_the_Boltzmann_transport_1983,
author       = "Carlo Jacoboni and Lino Reggiani",
title        = "The Monte Carlo method for the solution of charge transport in semiconductors with applications to covalent materials",
year         = "1983",
month        = "July",
journal      = "Review of Modern Physics",
volume       = "55",
pages        = "645--705",
note         = "{https://doi.org/10.1103/RevModPhys.55.645}"
}

@ARTICLE{MONTE_CARLO_METHODS_FOR_SOLVING_THE_BOLTZMANN_TRANSPORT_EQUATION_2014,
author       = "Peraud, Jean-Philippe M. and Landon, Colin D. and Hadjiconstantinou, Nicolas G.",
title        = "MONTE CARLO METHODS FOR SOLVING THE BOLTZMANN TRANSPORT EQUATION",
year         = "2014",
journal      = "ANNUAL REVIEW OF HEAT TRANSFER",
volume       = "17",
note         = "{https://doi.org/10.1615/AnnualRevHeatTransfer.2014007381}"
}



@ARTICLE{Analytic_Benchmark_1_2019,
author       = "Sobes, Vladimir and Ducru, Pablo and Alhajri, Abdulla and Ganapol, Barry D. and Forget, Benoit",
title        = "{A}n {A}nalytic {B}enchmark for the {N}eutron {B}oltzmann {T}ransport {D}ownscattering {P}roblem, I. Flux \& Eigenvalue solutions",
year         = "2019",
month        = "August",
journal      = "Computer Physics Communications",
note         = "{work-in-progress}"
}


##########################################################
######  Sensitivity analysis
##########################################################



@article{MCNP_Sensitivity,
author = {Brown, F and Kiedrowski, B},
journal = {American Nuclear Society Winter Meeting},
title = {Continuous-Energy Sensitivity Coefficient Capability in MCNP6},
year = {2012}
}

@article{MCNP_Sensitivity_Progress,
author = {Kiedrowski, B},
journal = {DOE/NNSA Nuclear Criticality Safety Program Technical Review},
title = {MCNP Continuous-Energy Sensitivity and Uncertainty Progress and Application},
year = {2014}
}

@article{MCNP_Sensitivity_verification,
author = {Brown, F and Kiedrowski, B},
journal = {International Conference on Mathematics and Computational Methods Applied to Nuclear Science and Engineering},
title = {Methodology, Verification, and Performance of the Continuous-Energy Nuclear Data Sensitivity Capability in MCNP6},
year = {2013}
}



@book{Perfetti,
title={Advanced Monte Carlo Methods for Eigenvalue Sensitivity Coefficient Calculation},
author={Perfetti, Christopher Michael},
year={2012},
publisher={PhD Thesis, University of Michigan}
}



##########################################################
######   Total Monte Carlo (TMC)
##########################################################



@article{TMC,
author = {Rochman, D and Koning, A.J and al.},
journal = {Annals of Nuclear Energy},
pages = {942--952},
title = {Nuclear data uncertainty propagation: Perturbation vs. Monte Carlo},
volume = {38},
year = {2011}
}


@inproceedings{Zwermann_PHYSOR,
AUTHOR       = {W. Zwermann and al.},
TITLE        = {Aleatoric and epistemic uncertainties in sampling based nuclear data uncertainty and sensitivity analyses},
BOOKTITLE    = {Proceedings of PHYSOR 2012},
YEAR         = {2012},
Month        = {April}
}


@article{fast_TMC,
author = {Rochman, D and Zwermann, W and Koning, A and al.},
journal = {Nuclear Science and Engineering},
pages = {337--349},
title = {Nuclear data uncertainty propagation: Perturbation vs. Monte Carlo},
volume = {177},
year = {2014}
}


@techreport{4p100_pin_power_fTMC,
title={Nuclear data uncertainties for local power densities in the Martin-Hoogenboom benchmark},
author={Rochman, D and van der Marck, S},
year={2013},
institution={Nuclear Research and Consultancy Group NGR},
number = {Joint International Conference of Supercomputing in Nuclear Applications and Monte Carlo, Paris, France, 2013},
}


@techreport{UO2vsMOX,
title={UO2 vs MOX: propagated nuclear data uncertainty for keff, with burnup},
author={Helgesson, P and Rochman, D and Koning, A and al.},
year={2013},
institution={Nuclear Research and Consultancy Group NGR and Uppsala University, Sweden}
}



@article{Lead_TMC,
author = {Alhassan, E and  Sj\"ostrand, H and Helgesson, P and Koning, AJ and \"Osterlund, M and Pomp, S and Rochman, D},
journal = {Annals of Nuclear Energy},
pages = {26--37},
title = {Uncertainty and correlation analysis of lead nuclear data on reactor
parameters for the European Lead Cooled Training Reactor},
volume = {75},
year = {2015}
}


##########################################################
######  Other Uncertainty Quantification Methods
##########################################################


@ARTICLE{Ducru_MnC_2019,
author       = " Ducru, Pablo and Liang, Jingang and Sobes, Vladimir and Alhajri, Abdulla and Meyer, Isaac and Forget, Benoit and Smith, Kord",
title        = "{EMBEDDED MONTE CARLO}: {N}eutron {R}andom {W}alk and {U}ncertainty in {N}uclear {C}ross {S}ections",
year         = "2019",
month        = "August 25-29",
journal      = "International Conference on Mathematics and Computational Methods applied to Nuclear Science and Engineering (M&C 2019)",
note         = "{accepted}",
}


@ARTICLE{Ducru_CPC_2019,
author       = " Ducru, Pablo and Liang, Jingang and Sobes, Vladimir and Forget, Benoit",
title        = "{EMBEDDED MONTE CARLO}: {R}andom {W}alk in {R}andom {E}nvironment to propagate {N}uclear {D}ata {U}ncertainty across the {B}oltzman {T}ransport",
year         = "2019",
month        = "October",
journal      = "Computer Physics Communications",
note         = "{work-in-progress}",
}



@article{Polynomial_Chaos,
author = {Najam, Habib N},
journal = {Annual Revue of Fluid Mechanics},
pages = {35-52},
title = {Uncertainty Quantification and Polynomial Chaos Techniques in Computational Fluid Dynamics},
volume = {41},
year = {2009}
}




@ARTICLE{MOCABA_2015,
author       = " Hoefer, A and Buss, O. and Hennebach, M. and Schmid, M. and Porsch, D.",
title        = "{MOCABA}: {A} general {M}onte {C}arlo-{B}ayes procedure for improved predictions of integral functions of nuclear data",
year         = "2015",
month        = "March",
journal      = "Annals of Nuclear Energy",
volume       = "77",
pages        = "514-521",
note         = "{https://doi.org/10.1016/j.anucene.2014.11.038}",
}

@ARTICLE{bias_factor_2016,
author       = " Endo, Tomohiro and Yamamoto, Akio and Watanabe, Tomoaki",
title        = "{B}ias factor method using random sampling technique",
year         = "2016",
month        = "January",
journal      = "Journal of Nuclear Science and Technology",
volume       = "53",
issue        = "10",
pages        = "1494-1501",
note         = "{https://doi.org/10.1080/00223131.2015.1126541}",
}




##########################################################
######    MISC reactor physics stuff
##########################################################

@techreport{quickw,
title={MC$\left.^2\right.$2: A Code to Calculate Fast Neutron Spectra and Multigroup Cross Sections},
author={Henryson II, H. and B. J. Toppel and C. G. Stenberg},
institution={Argonne National Laboratory},
year={1976},
number={Argonne-8144}
}

@techreport{Brown_Nagaya_2002,
author={Brown, Forrest B. and Nagaya, Yasunobu},
title={The MCNP5 Random number generator},
year={2002},
month={Jan},
institution = {Los Alamos National Laboratory},
number = {LA-UR-02-3782}
}

@BOOK{laug,
AUTHOR = {Anderson, E. and Bai, Z. and Bischof, C. and
Blackford, S. and Demmel, J. and Dongarra, J. and
Du Croz, J. and Greenbaum, A. and Hammarling, S. and
McKenney, A. and Sorensen, D.},
TITLE = {{LAPACK} Users' Guide},
EDITION = {Third},
PUBLISHER = {Society for Industrial and Applied Mathematics},
YEAR = {1999},
ADDRESS = {Philadelphia, PA},
ISBN = {0-89871-447-8 (paperback)} }


@article{RomanoANE2013,
title = "The {O}pen{MC} Monte Carlo particle transport code ",
journal = "Annals of Nuclear Energy ",
volume = "51",
number = "0",
pages = "274 - 281",
year = "2013",
issn = "0306-4549",
doi = "http://dx.doi.org/10.1016/j.anucene.2012.06.040",
author = "Paul Romano and Benoit Forget",
}


@article{RomanoJCP2013,
title = "Data decomposition of Monte Carlo particle transport simulations via tally servers ",
journal = "Journal of Computational Physics ",
volume = "252",
number = "0",
pages = "20 - 36",
year = "2013",
note = "",
issn = "0021-9991",
doi = "http://dx.doi.org/10.1016/j.jcp.2013.06.011",
url = "http://www.sciencedirect.com/science/article/pii/S002199911300435X",
author = "Paul K. Romano and Andrew R. Siegel and Benoit Forget and Kord Smith",
keywords = "Monte Carlo",
keywords = "Neutron transport",
keywords = "Data Decomposition",
keywords = "Exascale",
keywords = "Tally Server"
}

@article{RomanoNSE2012,
title = {Parallel fission bank algorithms in {M}onte {C}arlo criticality calculations},
journal = {Nucl. Sci. Eng.},
author = {Romano, P. and Forget, B.},
volume = {170},
year = {2012},
}

@article{HorelikMandC2013,
title = {{MIT} {BEAVRS}: Benchmark for evaluation and validation of reactor simulations},
author = {Horelik, N. and Herman, B. and Forget, B. and Smith, K.},
journal = {International Conference on Mathematics and Computational Methods Applied to Nuclear Science and Engineering, Sun Valley, ID},
year = {2013}
}



@article{Siegel_2014,
title = {Improved cache performance in Monte Carlo transport calculations using energy banding},
journal = {Computer Physics Communications},
author = {A.Siegel and K.Smith and K.Felker and P.Romano and B.Forget and P.Beckman},
volume = {185},
year = {2014},
}

@article{HorelikPC2014,
title = {Improved cache performance in Monte Carlo transport calculations using energy banding},
journal = {Parallel Comput.},
author = {N.Horelik and A.Siegel and B.Forget and K.Smith},
url = {http://dx.doi.org/10.1016/j.parco.2014.10.001},
year = {2014},
}



@article{Herman_2014,
author = {B.R.Herman and B.Forget and K.Smith},
journal = {Ann. Nucl. Energy},
pages = {75--86},
title = {Progress toward {M}onte {C}arlo-thermal hydraulic coupling using low-order nonlinear diffusion acceleration methods},
url = {http://dx.doi.org/10.1016/j.anucene.2014.10.029},
year = {2014}
}

@article{differential_evolution,
year={1997},
issn={0925-5001},
journal={Journal of Global Optimization},
volume={11},
number={4},
doi={10.1023/A:1008202821328},
title={Differential Evolution – A Simple and Efficient Heuristic for global Optimization over Continuous Spaces},
publisher={Kluwer Academic Publishers},
keywords={Stochastic optimization; nonlinear optimization; global optimization; genetic algorithm; evolution strategy},
author={Storn, Rainer and Price, Kenneth},
pages={341-359},
language={English}
}

@article{Wagner_2011,
title={Hybrid and Parallel Domain-Decomposition Methods Development to enable Monte Carlo for Reactor Analyses},
author={J.Wagner and S.Mosher and T.Evans and D.Peplow and J.Turner},
journal={Progr. Nucl. Sci. Technol.},
volume={2},
year={2011}
}



@incollection{weidendorfer2004tool,
title={A tool suite for simulation based analysis of memory access behavior},
author={Weidendorfer, Josef and Kowarschik, Markus and Trinitis, Carsten},
booktitle={Computational Science-ICCS 2004},
pages={440--447},
year={2004},
publisher={Springer}
}

@techreport{goorley2013initial,
title={Initial MCNP6 Release Overview-MCNP6 version 1.0},
author={Goorley, John T and James, Michael R and Booth, Thomas E and Brown, Forrest B and Bull, Jeffrey S and Cox, Lawrence J and Durkee Jr, Joe W and Elson, Jay S and Fensin, Michael Lorne and Forster III, Robert A and others},
year={2013},
institution={Los Alamos National Laboratory (LANL)},
number = {LA-UR-13-22934},
}

@article{CEA_paper,
author = {E.Dumonteil and F.Malvagi and A.Zoia and A.Mazzolo and D.Artusio and C.Dieudonne and C. de Mulatier},
journal = {Ann. Nucl. Energy},
pages = {612--618},
volume ={63},
title = {Partcile Clustering in {M}onte {C}arlo criticality simulations},
year = {2014}
}

@techreport{Walsh_MS,
title={Computational methods for efficient nuclear data management in {M}onte {C}arlo neutron transport simulations},
author={J.Walsh},
year={2013},
institution={Massachusetts Institute of Technology}
}



@techreport{quickw,
title={MC$\left.^2\right.$2: A Code to Calculate Fast Neutron Spectra and Multigroup Cross Sections},
author={Henryson II, H. and B. J. Toppel and C. G. Stenberg},
institution={Argonne National Laboratory},
year={1976},
number={Argonne-8144}
}

@techreport{Brown_Nagaya_2002,
author={Brown, Forrest B. and Nagaya, Yasunobu},
title={The MCNP5 Random number generator},
year={2002},
month={Jan},
institution = {Los Alamos National Laboratory},
number = {LA-UR-02-3782}
}



@article{RomanoANE2013,
title = "The {O}pen{MC} Monte Carlo particle transport code ",
journal = "Annals of Nuclear Energy ",
volume = "51",
number = "0",
pages = "274 - 281",
year = "2013",
issn = "0306-4549",
doi = "http://dx.doi.org/10.1016/j.anucene.2012.06.040",
author = "Paul Romano and Benoit Forget",
}



@article{Wagner_2011,
title={Hybrid and Parallel Domain-Decomposition Methods Development to enable Monte Carlo for Reactor Analyses},
author={J.Wagner and S.Mosher and T.Evans and D.Peplow and J.Turner},
journal={Progr. Nucl. Sci. Technol.},
volume={2},
year={2011}
}

@article{RomanoJCP2013,
title = "Data decomposition of Monte Carlo particle transport simulations via tally servers ",
journal = "Journal of Computational Physics ",
volume = "252",
number = "0",
pages = "20 - 36",
year = "2013",
note = "",
issn = "0021-9991",
doi = "http://dx.doi.org/10.1016/j.jcp.2013.06.011",
url = "http://www.sciencedirect.com/science/article/pii/S002199911300435X",
author = "Paul K. Romano and Andrew R. Siegel and Benoit Forget and Kord Smith",
keywords = "Monte Carlo",
keywords = "Neutron transport",
keywords = "Data Decomposition",
keywords = "Exascale",
keywords = "Tally Server"
}

@article{RomanoNSE2012,
title = {Parallel fission bank algorithms in {M}onte {C}arlo criticality calculations},
journal = {Nucl. Sci. Eng.},
author = {Romano, P. and Forget, B.},
volume = {170},
year = {2012},
}

@article{HorelikMandC2013,
title = {{MIT} {BEAVRS}: Benchmark for evaluation and validation of reactor simulations},
author = {Horelik, N. and Herman, B. and Forget, B. and Smith, K.},
journal = {International Conference on Mathematics and Computational Methods Applied to Nuclear Science and Engineering, Sun Valley, ID},
year = {2013}
}


@article{Siegel_2014,
title = {Improved cache performance in Monte Carlo transport calculations using energy banding},
journal = {Computer Physics Communications},
author = {A.Siegel and K.Smith and K.Felker and P.Romano and B.Forget and P.Beckman},
volume = {185},
year = {2014},
}

@article{HorelikPC2014,
title = {Improved cache performance in Monte Carlo transport calculations using energy banding},
journal = {Parallel Comput.},
author = {N.Horelik and A.Siegel and B.Forget and K.Smith},
url = {http://dx.doi.org/10.1016/j.parco.2014.10.001},
year = {2014},
}


@article{Herman_2014,
author = {B.R.Herman and B.Forget and K.Smith},
journal = {Ann. Nucl. Energy},
pages = {75--86},
title = {Progress toward {M}onte {C}arlo-thermal hydraulic coupling using low-order nonlinear diffusion acceleration methods},
url = {http://dx.doi.org/10.1016/j.anucene.2014.10.029},
year = {2014}
}

@article{differential_evolution,
year={1997},
issn={0925-5001},
journal={Journal of Global Optimization},
volume={11},
number={4},
doi={10.1023/A:1008202821328},
title={Differential Evolution – A Simple and Efficient Heuristic for global Optimization over Continuous Spaces},
publisher={Kluwer Academic Publishers},
keywords={Stochastic optimization; nonlinear optimization; global optimization; genetic algorithm; evolution strategy},
author={Storn, Rainer and Price, Kenneth},
pages={341-359},
language={English}
}


@incollection{weidendorfer2004tool,
title={A tool suite for simulation based analysis of memory access behavior},
author={Weidendorfer, Josef and Kowarschik, Markus and Trinitis, Carsten},
booktitle={Computational Science-ICCS 2004},
pages={440--447},
year={2004},
publisher={Springer}
}

@techreport{goorley2013initial,
title={Initial MCNP6 Release Overview-MCNP6 version 1.0},
author={Goorley, John T and James, Michael R and Booth, Thomas E and Brown, Forrest B and Bull, Jeffrey S and Cox, Lawrence J and Durkee Jr, Joe W and Elson, Jay S and Fensin, Michael Lorne and Forster III, Robert A and others},
year={2013},
institution={Los Alamos National Laboratory (LANL)},
number = {LA-UR-13-22934},
}

@article{CEA_paper,
author = {E.Dumonteil and F.Malvagi and A.Zoia and A.Mazzolo and D.Artusio and C.Dieudonne and C. de Mulatier},
journal = {Ann. Nucl. Energy},
pages = {612--618},
volume ={63},
title = {Particle Clustering in {M}onte {C}arlo criticality simulations},
year = {2014}
}

@techreport{Walsh_MS,
title={Computational methods for efficient nuclear data management in {M}onte {C}arlo neutron transport simulations},
author={J.Walsh},
year={2013},
institution={Massachusetts Institute of Technology}
}



@article{Lar2008,
Author = {Larsen, Edward W. and Wollaber, Allan B.},
Date-Added = {2010-01-15 15:01:35 -0500},
Date-Modified = {2010-01-15 15:01:35 -0500},
Journal = {Nuclear Science and Engineering},
Keywords = {SN},
Number = {3},
Pages = {267--283},
Title = {A Quantitative Theory of Angular Truncation Errors in Three-Dimensional {$S_N$} Calculations},
Volume = {160},
Year = {2008}}

@techreport{Car1953,
Author = {Carlson, Bengt G.},
Date-Added = {2010-01-15 14:53:00 -0500},
Date-Modified = {2010-01-15 14:53:00 -0500},
Institution = {Los Alamos Scientific Laboratory},
Number = {LA-1599},
Title = {Solution of the Transport Equation by {S$_n$} Approximations},
Year = {1953}}

@book{Kno2000,
Author = {Knoll, Glenn F.},
Date-Added = {2010-01-15 14:52:06 -0500},
Date-Modified = {2010-01-15 14:52:06 -0500},
Edition = {3rd},
Publisher = {John Wiley \& Sons, Inc.},
Title = {Radiation Detection and Measurement},
Year = {2000}}





#####################################
#  END OF PHYSICS





























##########################################################
# * * * * * * * * * * * * * * * * * * * * * * * * * * * *
##########################################################
#                     MATHEMATICS
##########################################################
# * * * * * * * * * * * * * * * * * * * * * * * * * * * *
##########################################################


##########################################################
# * * * * * * * * * * * * * * * * * * * * * * * * * * * *
#                      ALGEBRA
# * * * * * * * * * * * * * * * * * * * * * * * * * * * *
##########################################################


##########################################################
###### Authorities
##########################################################



@INBOOK{Elements_de_Mathematique_Algebre_Bourbaki_1959,
author       = "Bourbaki, N.",
booktitle      = "\'El\'ements de Math\'ematique, Alg\`ebre",
year         = "1959",
chapter       = "9",
publisher = "Hermann, Paris, 1959. N. Bourbaki et Springer-Verlag, Berlin, 2007",
note         = "https://link.springer.com/content/pdf/10.1007\%2F978-3-540-35339-3.pdf",
}


@INBOOK{Handbook_of_linear_algebra,
author       = "Heinrich Voss",
booktitle      = "Handbook of Linear Algebra",
series        = "Nonlinear Eigenvalue Problems",
year         = "2014",
chapter       = "115",
pages        = "1--24",
note         = "https://www.mat.tuhh.de/forschung/rep/rep164.pdf",
}




##########################################################
######    Complex symmetric matrices
##########################################################

@ARTICLE{Craven_complex_symmetric_1969,
author       = "Craven, B.D.",
title        = "Complex symmetric matrices",
year         = "1969",
journal      = "Journal of the Australian Mathematical Society",
volume       = "10",
number       = "3-4",
pages        = "341--354",
note         = "https://doi.org/10.1017/S1446788700007588",
}

@INBOOK{Nondefective_complex_symmetric_matrices_1985,
author    = "Cullum, J.K and Willoughby, R.A.",
title     = "{N}ondefective {C}omplex {S}ymmetric {M}atrices",
publisher = "Birkhauser Boston",
address   = "978-1-4684-9178-4",
note      = "https://doi.org/10.1007/978-1-4684-9178-4\_7",
}

@ARTICLE{complex_symmetric_matrix_SVD_1988,
author       = "Bunse-Gerstner, Angelika and Gragg, William B.",
title        = "{S}ingular value decomposition of complex symmetric matrices",
year         = "1988",
journal      = "Jounral of Computational and Applied Mathematics",
volume       = "21",
pages        = "41--54",
}

@ARTICLE{Scott_complex_symmetric_1993,
author       = "Scott, N.H.",
title        = "{A} {N}ew {C}anonical {F}orm for {C}omplex {S}ymmetric {M}atrices",
year         = "1993",
month        = "June 8",
journal      = "Proceedings: Mathematical and Physical Sciences",
publisher    = "Royal Society",
volume       = "441",
number       = "1913",
pages        = "625--640",
note         = "http://www.jstor.org/stable/52325",
}

@ARTICLE{fast_diag_of_complex_symmetric_matrices_for_quantum_applications_1997,
author       = "Bar-On, Ilan and Ryaboy, Victor",
title        = "{F}ast {D}iagonalization of {L}arge and {D}ense {C}omplex {S}ymmetric {M}atrices, with applications to {Q}uantum {R}eaction {D}ynamics",
year         = "1997",
month        = "September",
journal      = "SIAM Journal of Scientific Computing",
volume       = "18",
number       = "5",
pages        = "1412--1435",
note         = "https://doi.org/10.1137/S1064827594269056",
}


@ARTICLE{Complex_symmetric_operators_2005,
author       = "Garcia, S.R. and Punitar, M.",
title        = "Complex symmetric operators and applications",
year         = "2005",
journal      = "Transactions of the American Mathematical Society",
volume       = "358",
number       = "3",
pages        = "1285--1315",
note         = "S 0002-9947(05)03742-6",
}

@ARTICLE{Complex_symmetric_operators_II_2007,
author       = "Garcia, S.R. and Punitar, M.",
title        = "Complex symmetric operators and applications II",
year         = "2007",
journal      = "Transactions of the American Mathematical Society",
volume       = "356",
number       = "8",
pages        = "3913--3931",
note         = "S 0002-9947(07)04213-4",
}








##########################################################
######    Polynomial Rootfinding
##########################################################



@article{Halley_convergence,
author = {Proinov, Petko D. and Ivanov, Stoil I.},
journal = {Mediterranean Journal of Mathematics},
pages = {555-572},
title = {On the Convergence of Halley's Method for Multiple Polynomial Zeros},
volume = {12},
year = {2014}
}


@article{Aberth,
author = {Aberth, Oliver},
journal = {Mathematics of Computation},
title = {On the Convergence of Halley's Method for Multiple Polynomial Zeros},
volume = {27, 122},
year = {1973}
}

@article{Schonhage_1982,
author = {Sch\"onhage, Arnold},
title = {The Fundamental Theorem of Algebra in Terms of Computational Complexity},
year = {1982}
}

@article{X_Gourdon_these,
author = {Gourdon, Xavier},
title = {Combinatoire, Algorithmique et G\'eom\'etrie des Polyn\^omes},
year = {1996}
}

@article{Pan_Optimal_long,
author = {Pan, Victor Y},
journal = {Computers Math. Applic.},
pages = {97--138},
title = {Optimal and Nearly Optimal Algorithms for Approximating Polynomial Zeros},
volume = {31, 12},
year = {1996}
}



@article{Pan_Optimal_short,
author = {Pan, Victor},
title = {Algorithm for Approximating Complex Polynomial Zeros},
year = {1998}
}


@incollection{Durand,
title={Equations du type F(x) = 0 : Racines d'un Polynome},
author={E. Durand},
booktitle={Solutions num\'eriques des \'equations alg\'ebriques, vol. 1},
year={1960},
publisher={Mason et al.}
}


@book{Durand-Kerner,
Author = {Miodrag Petkovic},
Publisher = {Springer-Verlag Berlin Heidelberg},
Edition = {1},
Title = {Iterative Methods for Simultaneous Inclusion of Polynomial Zeros},
Volume = {1387},
Year = {1989}}

@ARTICLE{Wilkinson,
author       = "James H. Wilkinson",
title        = "The evaluation of the zeros of ill-conditioned polynomials.",
year         = "1959",
journal      = "Numerische Mathematik ",
volume       = "1",
pages        = "150--166",
}



##########################################################
# * * * * * * * * * * * * * * * * * * * * * * * * * * * *
#                      ANALYSIS
# * * * * * * * * * * * * * * * * * * * * * * * * * * * *
##########################################################



##########################################################
###### Authorities
##########################################################


@ARTICLE{Mittag-Leffler,
author       = "Mittag-Leffler, G.",
title        = "Sur la repr\'esentation analytique des fonctions monog\`enes uniformes d'une variable ind\'ependante",
year         = "1884",
journal      = "Acta Mathematica",
volume       = "t.4",
pages        = "1--79",
}



@INBOOK{Abramowitz_and_Stegun,
author    = "Abramowitz, Milton and Stegun, Irene A.",
booktitle = "{H}andbook of {M}athematical {F}unctions with {F}ormuls, {G}raphs, and {M}athematical {T}ables",
series    = "United States Department of Commerce",
publisher = "National Bureau of Standards, Applied Mathematics Series",
year      = "1964",
}

@INBOOK{NIST_DLMF,
author       = "Olver, F. W. J. and Olde Daalhuis, A. B. and Lozier, D. W. and Schneider, B. I. and Boisvert, R. F. and Clark, C. W. and Miller, B. R. and Saunders, B. V. and eds.",
title        = "{NIST} {D}igital {L}ibrary of {M}athematical {F}unctions",
howpublished = "Release 1.0.17 of 2017-12-22",
note         = "{https://dlmf.nist.gov}",
}



##########################################################
######    Computing Faddeeva
##########################################################




@misc{website:faddeevamit,
author = "Johnson, Steven G.",
title = "Faddeeva Package - AbInitio",
month = "December",
year = "2013",
url = "http://ab-initio.mit.edu/wiki/index.php/Faddeeva\_Package"
}




@article{Faddeeva_function,
title={Faddeeva Package: complex error functions},
author={Steven G. Johnson},
pages={ http://www.mathworks.com/matlabcentral/fileexchange/38787-faddeeva-package--complex-error-functions},
year={2012},
}

@ARTICLE{Feddeyeva_2017,
author       = "Zaghloul, Mofreh R.",
title        = "{A}lgorithm 985: {S}imple, {E}fficient, and {R}elatively {A}ccurate {A}pproximation for the {E}valuation of the {F}addeyeva {F}unction",
year         = "2017",
journal      = "ACM Transactions on Mathematical Software",
volume       = "44",
number       = "2",
pages        = "22:1--22:9.5",
note         = "{https://doi.org/10.1145/3119904}",
}



##########################################################
######   Hankel and Whittaker functions
##########################################################

@ARTICLE{Eremenko_2015,
author       = "Eremenko, V and Upadhyay, N.J. and Thompson, I.J. and Elster, Ch. and Nunes, F.M. and Arbanas, G. and Escher, J.E. and Hlophe, L. and TORUS collaboration",
title        = "{C}oulomb wave functions in momentum space",
year         = "2015",
journal      = "Computer Physics Communications",
volume       = "187",
pages       = "195--203",
}

@ARTICLE{Boersma_1969,
author       = "Boersma, J.",
title        = "{E}xpansions for {C}oulomb {W}ave {F}unctions",
year         = "1969",
month        = "January",
journal      = "Mathematics of Computation",
volume       = "23",
number       = "105",
pages        = "51--59",
note         = "{https://www.jstor.org/stable/2005053}",
}


@ARTICLE{Michel_2006,
author       = "Michel, N.",
title        = "Precise Coulomb wave functions for a wide range of complex $\ell$, $\eta$ and $z$",
year         = "2006",
month        = "November",
journal      = "Computer Physics Communications",
volume       = "176",
pages       = "232--249",
note         = "{doi:10.1016/j.cpc.2006.10.004}",
}

@ARTICLE{Thompson_1986,
author       = "Thompson, I. J.",
title        = "Coulomb and Bessel Functions of Complex Arguments and Order",
year         = "1986",
journal      = "Journal of Computational Physics",
volume       = "64",
pages       = "490--509",
}


@ARTICLE{Powell_1949,
author       = "Powell, J. L.",
title        = "Recurrence Formulas for Coulomb Wave Functions",
year         = "1949",
month        = "October",
journal      = "Physical Review",
volume       = "72",
number       = "7",
}

@ARTICLE{Regge_Trajectories_poles_S_1981,
author       = "Sanz, P. and Sa\~nudo, J.",
title        = "Regge trajectories for pion-nucleus optical potential",
year         = "1981",
month        = "October",
journal      = "Physical Review C",
volume       = "24",
number       = "4",
}


@ARTICLE{Zeros_of_Whittaker_function_1999,
author       = "Esparza, J. and L\'opez, J. L. and Sesma, J.",
title        = "{Z}eroes of the {W}hittaker function associated to {C}oulomb waves",
year         = "1999",
journal      = "IMA Journal of Applied Mathematics",
volume       = "63",
pages        = "71--87",
note         = "https://doi.org/10.1093/imamat/63.1.71"
}

@ARTICLE{New_Asymptotics_Whittaker_zeros_2001,
author       = "Gabutti, Bruno and Gatteschi, Luigi",
title        = "{N}ew {A}symptotics for the {Z}eros of {W}hittaker's {F}unctions",
year         = "2001",
journal      = "Numerical Algorithms",
volume       = "28",
issue        = "1-4",
pages        = "159--170",
note         = "https://doi.org/10.1023/A:1014094732209"
}



@ARTICLE{Zeros_of_Hankel_Functions_and_Poles_1963,
author       = "Keller, Joseph B. and Rubinow, S. I. and Goldstein, Max",
title        = "{Z}eros of {H}ankel {F}unctions and {P}oles of {S}cattering {A}mplitudes ",
year         = "1963",
month        = "October",
journal      = "Journal of Mathematical Physics",
volume       = "4",
number       = "829",
pages        = "829--832",
note         = "https://doi.org/10.1063/1.1724325"
}

@ARTICLE{Complex_zeros_of_cylinder_functions_1966,
author       = "D{\"o}ring, Boro",
title        = "{C}omplex zeros of cylinder functions",
year         = "1966",
journal      = "Math. Comp.",
volume       = "20",
pages        = "215--222",
note         = "https://doi.org/10.1090/S0025-5718-1966-0192632-1"
}

@ARTICLE{Zeros_of_Hankel_Functions_1982,
author       = "Cruz, Andr\'es and Sesma, Javier",
title        = "{Z}eros of the {H}ankel {F}unction of {R}eal {O}rder and of {I}ts {D}erivative ",
year         = "1982",
month        = "October",
journal      = "Mathematics of Computation",
volume       = "39",
number       = "160",
pages        = "639--645",
}

@ARTICLE{Reduced_Logarithmic_Dervative_of_Hankel_functions_1983,
author       = "Cruz, Andr\'es and Sesma, Javier",
title        = "{M}odulus and {P}hase of the {R}educes {L}ogarithmic {D}erivative of the {H}ankel {F}unction",
year         = "1983",
month        = "October",
journal      = "Mathematics of Computation",
volume       = "41",
number       = "164",
pages        = "597--605",
note         = "{DOI:} 10.2307/2007696"
}

@ARTICLE{Calculating_zeros_of_Hankel_functions_USSR_1985,
author       = "Kerimov, M. K. and Skorokhodov, S. L.",
title        = "{C}alculation of the complex zeros of {H}ankel functions and their derivatives",
year         = "1985",
journal      = "USSR Computational Mathematics and Mathematical Physics",
volume       = "35",
number       = "6",
pages        = "26--36",
note         = "https://doi.org/10.1016/0041-5553(85)90005-9"
}

@ARTICLE{Partial_fraction_expansion_Bessel_2005,
author       = "Rogers, Mathew D.",
title        = "{P}artial fraction expansions fo identities for products of {B}essel functions",
year         = "2005",
month        = "March",
journal      = "Journal of Mathematical Physics",
volume       = "46",
issue        = "4",
number       = "043509",
note         = "https://doi.org/10.1063/1.1866222"
}


##########################################################
######   Gohberg-Sigal theory and residues perturbation
##########################################################


@ARTICLE{Gohberg_Sigal_1971,
author       = "Gohberg, I.C. and Sigal, E.I.",
title        = "An Operator Generalization of the Logarithmic Residue Theorem and the Theorem of Rouch\'e",
year         = "1971",
journal      = "Math. USSR Sbornik",
volume       = "13",
number       = "4",
pages        = "603--625",
}


@ARTICLE{Magnus_1985,
author       = "Magnus, J. R.",
title        = "On Differentiating Eigenvalues and Eigenvectors",
year         = "1985",
journal      = "Economic Theory",
volume       = "1",
pages        = "179--191",
publisher    = "Cambridge University Press",
}


##########################################################
######   Mathematical scattering theory
##########################################################



@INBOOK{Dyatlov,
author    = "Dyatlov, S. and Zworski, M.",
title     = "Mathematical Theory of Scattering Resonances",
publisher = "MIT",
address   = "Massachusetts Institute of Technology, 77, Massachusetts ave. MA 02139, U.S.A.",
note      = "http://math.mit.edu/~dyatlov/res/res\_final.pdf"
}


@ARTICLE{Guillope_1989_ENS,
author       = "Guillop\'e, L.",
title        = "Th\'eorie spectrale de quelques vari\'et\'es \`a bouts",
journal      = "Annales scientifiques de l'\'Ecole Normale Sup\'erieure, S\'erie 4: ",
volume       = "22",
number       = "1",
pages        = "137--160",
note         = "https://doi.org/10.24033/asens.1580",
}

@ARTICLE{Pacific_Journal_Mittag_Leffler_and_spectral_theory_1960,
author       = "Taylor, Angus E.",
title        = "{M}ittag-{L}effler expansions and spectral theory",
journal      = "Pacific Journal of Mathematics",
volume       = "10",
number       = "3",
year         = "1960",
pages        = "1049--1066",
note         = "https://projecteuclid.org/euclid.pjm/1103038251",
}




##########################################################
# * * * * * * * * * * * * * * * * * * * * * * * * * * * *
#                     Probabilities
# * * * * * * * * * * * * * * * * * * * * * * * * * * * *
##########################################################


##########################################################
###### Authorities
##########################################################



@INBOOK{The_Doctrine_of_Chances_1718,
author       = "de Moivre, Abraham",
title        = "{T}he {D}octrine of {C}hance, a method of calculating the probability of events in play",
year         = "Second Edition, 1738",
publisher    = "W. Pearson",
note         = "https://archive.org/details/doctrineofchance00moiv/page/n5",
}

@INBOOK{Theorie_Analytique_des_Probabilites_1812,
author       = " Laplace, Pierre Simon",
title        = "{T}h\'eorie analytique des probabilit\'es",
year         = "1812",
publisher    = "Courier, Imprimeur - Libraire pour les Math\'ematiques et la Marine",
note         = "https://archive.org/details/thorieanalytiqu01laplgoog/page/n7",
}










##########################################################
# * * * * * * * * * * * * * * * * * * * * * * * * * * * *
#                 Statistical Learning
# * * * * * * * * * * * * * * * * * * * * * * * * * * * *
##########################################################


##########################################################
###### Regularization & Machine learning
##########################################################


@ARTICLE{LASSO_1996,
author       = "Tibshirani, R.",
title        = "Regression Shrinkage and Selection via the Lasso",
year         = "1996",
journal      = "Journal of the Royal Statistical Society, Series B",
volume       = "58",
number       = "1",
pages        = "267--288",
note         = "DOI: 10.1111/j.1467-9868.2011.00771.x",
}


@ARTICLE{LASSO_2005,
author       = "Tibshirani, R. and Saunders, M. and Rosset, S. and Knight, K.",
title        = "Sparsity and smoothness via the fused lasso",
year         = "2005",
journal      = "Journal of the Royal Statistical Society, Series B",
volume       = "67",
number       = "1",
pages        = "91--108",
note         = "DOI: 10.1111/j.1467-9868.2005.00490.x",
}




##########################################################
######    Julia
##########################################################



@ARTICLE{Julia_2017,
author       = "Bezanson, J. and Edelman, A. and Karpinski, S. and Shah, V. B.",
title        = "Julia: A Fresh Approach to Numerical Computing",
year         = "2017",
journal      = "SIAM REVIEW",
volume       = "59",
number       = "1",
pages        = "65--98",
note         = "{doi: 10.1137/141000671}",
}



##########################################################
###### FEATURE SELECTION AND INFORMATION CRITERIA
##########################################################

@ARTICLE{AIC_1974,
author       = "Akaike, H.",
title        = "A New Look at the Statistical Model Identification",
year         = "1974",
journal      = "IEEE Transactions on Automatic Control",
volume       = "19",
number       = "6",
pages        = "716--723",
}

@ARTICLE{BIC_1978,
author       = "Schwarz, G.",
title        = "Estimating the dimension of a model",
year         = "1978",
journal      = "The Annals of Statistics",
volume       = "6",
number       = "2",
pages        = "461--464",
}


@ARTICLE{PBCM_2004,
author       = "Wagenmakers, E.-J., and Ratcliff, R. and Gomez, P. and Iverson, G. J.",
title        = "Assessing model mimicry using parametric bootstrap",
year         = "2004",
journal      = "Journal of Mathematical Phychology",
volume       = "48",
pages        = "28--50",
}


@ARTICLE{Shortest_Length_description_1978,
author       = "Rissanen, J.",
title        = "Modeling by Shortest Data Description",
year         = "1978",
journal      = "Automatica",
volume       = "14",
pages        = "465--471",
}


@ARTICLE{HQC_1979,
author       = "Hannan, E. J. and Quinn, B. G.",
title        = "The Determination of the Order of an Autoregression",
year         = "1979",
journal      = "Journal of the Royal Statistical Society, series B",
volume       = "41",
number       = "2",
pages        = "190--195",
note         = "{http://www.jstor.org/stable/2985032}",
}

@ARTICLE{AIC_vs_BIC_2004,
author       = "Burnham, K. P. and Anderson, D. R.",
title        = "Multimodel Inference. Understanding AIC and BIC in Model Selection",
year         = "2004",
journal      = "Sociological methods \& research",
volume       = "33",
number       = "2",
pages        = "261--304",
note         = "{DOI: 10.1177/0049124104268644}",
}


@ARTICLE{WBIC_2010,
author       = "Watanabe, S.",
title        = "Asymptotic Equivalence of Bayes Cross Validation and Widely Applicable Information Criterion in Singular Learning Theory",
year         = "2010",
journal      = "Journal of Machine Learning Research",
volume       = "11",
pages        = "3571--3594",
}


@ARTICLE{WBIC_2013,
author       = "Watanabe, S.",
title        = "A Widely Applicable Bayesian Information Criterion",
year         = "2013",
journal      = "Journal of Machine Learning Research",
volume       = "14",
pages        = "867--397",
}



##########################################################
###### VECTOR FITTING
##########################################################

#Outlook
@INPROCEEDINGS{A_decade_of_VF_2010,
author       = "Lei, C.-u. and Wang. Y.-z. and Chen, Q. and Wong, N.",
title        = "A Decade of Vector Fitting Development: Applications on Signal/Power Integrity",
journal      = "AIP Conference Proceedings",
year         = "2010",
volume       = "1285",
number       = "1",
pages        = "435",
note         = "{http://dx.doi.org/10.1063/1.3510567}",
}


@INBOOK{Order_reduction_2011,
author    = "Ferranti, F. and Deschrijver, D. and Knockaert, L. and Dhaene, T.",
booktitle = "Model Reduction for Circuit Simulation",
volume    = "72",
part      = "2",
series    = "Lecture Notes in Electrical Engineering",
publisher = " Springer",
year      = "2011",
type      = "Section",
chapter   = "7, Data-Driven Parameterized Model Order Reduction Using z-Domain Multivariate Orthonormal Vector Fitting Technique",
pages     = "141--148",
note      = "ISBN 978-94-007-0088-8",
}

@INBOOK{Order_reduction_2008,
author    = "Deschrijver, D. and Dhaene, T.",
booktitle = "Model Order Reduction: Theory, Research Aspects and Applications",
volume    = "13",
series    = "Mathematics in Industry",
publisher = " Springer",
year      = "2008",
type      = "Section",
chapter   = "16, Data-driven Model Order Reduction using Orthonormal Vector Fitting",
pages     = "341--359",
note      = "ISBN 978-3-540-78840-9",
}

@INBOOK{richards2013,
author    = "Richards, E.",
booktitle = "Some Applications of Vector Fitting in the Solution of Electromagnetic Fields and Interactions",
year      = "2013",
note      = "https://books.google.com/books?id=SKF9nQAACAAJ",
}



@INBOOK{VF_MIMO_Book_2015,
author    = "Grivet-Talocia, S. and Gustavsen, B.",
booktitle = "Advanced Vector Fitting for Multiport Problems, in Passive Macromodeling: Theory and Applications",
publisher = "John Wiley & Sons, Inc, Hoboken, NJ, USA.",
year      = "2015",
chapter   = "8",
note      = "DOI: 10.1002/9781119140931",
}



#VF
@ARTICLE{Gustaven_VF_1999,
author       = "Gustavsen, B. and Semlyen, A.",
title        = "Rational approximation of frequency domain responses by vector fitting",
journal      = "IEEE Transactions on Power Delivery",
year         = "1999",
volume       = "14",
number       = "3",
pages        = "1052--1061",
note         = "{DOI: 10.1109/61.772353}",
}


#RVF
@ARTICLE{Gustaven_RVF_2006,
author       = "Gustavsen, B.",
title        = "Improving the pole relocating properties of vector fitting",
journal      = "IEEE Transactions on Power Delivery",
year         = "2006",
volume       = "21",
number       = "3",
pages        = "1587--1592",
note         = "{DOI: 10.1109/TPWRD.2005.860281}",
}


# Explaining VF, conextion to Loewer (before Drmac)
@ARTICLE{VF_and_Loewer_2013,
author       = "Lefteriu, S. and Antoulas, A. C.",
title        = "Connecting vector fitting to barycentric interpolation and the Loewner matrix",
journal      = "I2013 IEEE 22nd Conference on Electrical Performance of Electronic Packaging and Systems",
year         = "2013",
pages        = "133--136",
note         = "{DOI: 10.1109/EPEPS.2013.6703483}",
}

# Explaining VF, Drmac
@ARTICLE{Drmac_2014,
author       = "Drmac, Z. and Gugercin, S. and Beattie, C.",
title        = "Quadrature-Based Vector Fitting For Discretized H2 Approximation",
journal      = "SIAM Journal of Scientific Computing",
year         = "2015",
volume       = "37",
number       = "2",
pages        = "A625--A652",
note         = "{DOI: 10.1137/140961511}",
}

# Explaining VF, Drmac MIMO
@ARTICLE{Drmac_MIMO_2015,
author       = "Drmac, Z. and Gugercin, S. and Beattie, C.",
title        = "Vector Fitting for Matrix-Valued Rational Approximation",
journal      = "SIAM Journal of Scientific Computing",
year         = "2015",
volume       = "37",
number       = "5",
pages        = "A346--A379",
note         = "{DOI. 10.1137/15M1010774}",
}




# Relaxed pole relocation
@ARTICLE{Barycentric_VF_2013,
author       = "Deschrijver, D. and Knockaert, L. and Dhaene, T.",
title        = "A Barycentric Vector Fitting Algorithm for Efficient
Macromodeling of Linear Multiport Systems",
journal      = "IEEE Microwave and Wireless Components Letters",
year         = "2013",
volume       = "23",
number       = "2",
pages        = "60--62",
note         = "{DOI: 10.1109/LMWC.2013.2239282}",
}

# Relaxed pole relocation unstable poles
@ARTICLE{Relaxed_pole_relocation_for_unstable_poles_2010,
author       = "De Tommasi, L. and Gustavsen, B. and Dhaene, T.",
title        = "Robust transfer function identification via an enhanced magnitude vector fitting algorithm",
journal      = "IET Control Theory & Applications",
year         = "2010",
volume       = "4",
number       = "7",
pages        = "1169--1178",
note         = "{DOI: 10.1049/iet-cta.2009.0025}",
}


# Convergence of VF
@ARTICLE{Non_convergence_of_VF_2016,
author       = "Shi, G.-Y.",
title        = "On the Nonconvergence of the Vector Fitting Algorithm",
journal      = "IEEE Transactions on Circuits and Systems II: Express Briefs",
year         = "2016",
volume       = "63",
number       = "8",
pages        = "718--722",
note         = "{DOI: 10.1109/TCSII.2016.2531127}",
}



# Poles threshold skimming
@ARTICLE{VF_Threshold_skimming_2006,
author       = "Grivet-Talocia, S. and Bandinu, M.",
title        = "Improving the convergence of vector fitting for equivalent circuit extraction from noisy frequency responses",
journal      = "IEEE Transactions on Electromagnetic Compatibility",
year         = "2006",
volume       = "48",
number       = "1",
pages        = "104--120",
note         = "{DOI: 10.1109/TEMC.2006.870814}",
}

# Poles parameters stabilizing recursion
@ARTICLE{Stable_parameter_recursion_VF_2009,
author       = "Dhaene, T. and Deschrijver, D.",
title        = "Stable Parametric Macromodeling Using a Recursive Implementation of the Vector Fitting Algorithm",
journal      = "IEEE Microwave and Wireless Components Letters",
year         = "2009",
volume       = "19",
number       = "2",
pages        = "59--61",
note         = "{DOI: 10.1109/LMWC.2008.2011304}",
}

# Order estimation rule/heuristic (for electronics)
@INPROCEEDINGS{Order_estimation_VF_2009,
author       = "Se-Jung Moon, S.-J. and Cangellaris, A. C.",
title        = "Order estimation for time-domain vector fitting",
journal      = "2009 IEEE 18th Conference on Electrical Performance of Electronic Packaging and Systems",
year         = "2009",
pages        = "69--72",
note         = "{DOI: 10.1109/EPEPS.2009.5338474}",
}



# Stable poles Gaussian kernel VF
@INPROCEEDINGS{Stable_poles_Gaussian_kernel_VF_2007,
author       = "Knockaert, L. and De Zutter, D.",
title        = "Well-conditioned adaptive interpolation by a gaussian-modulated pole kernel with applications to vector fitting",
journal      = "2007 IEEE Workshop on Signal Propagation on Interconnects",
year         = "2007",
pages        = "57--60",
note         = "{DOI: 10.1109/SPI.2007.4512208}",
}


# Filtering off unstable poles in noise
@INPROCEEDINGS{Poles_filtering_in_noise_2011,
author       = "Ubolli, A. and Gustavsen, B.",
title        = "A Digital Filtering Approach for Time Domain Vector Fitting ",
journal      = "2011 IEEE 15th Workshop on Signal Propagation on Interconnects (SPI)",
year         = "2011",
pages        = "25--28",
note         = "{DOI: 10.1109/SPI.2011.5898833}",
}

# Poles robustness and L1 norm
@ARTICLE{L1_robustness_2010,
author       = "Deschrijver, D. and Knockaert, L. and Dhaene, T.",
title        = "Improving robustness of vector fitting to outliers in data",
journal      = "Electronics Letters",
year         = "2010",
volume       = "46",
number       = "17",
pages        = "1200--1201",
note         = "{DOI: 10.1049/el.2010.1364}",
}




# For sensitivity to initial poles guesses
@ARTICLE{Orthonormal_VF_2007,
author       = "Deschrijver, D. and Haegeman, B. and Dhaene, T.",
title        = "Orthonormal Vector Fitting: A Robust Macromodeling Tool for Rational Approximation of Frequency Domain Responses",
journal      = "IEEE Transactions on Advanced Packaging",
year         = "2007",
volume       = "30",
number       = "2",
pages        = "216--225",
note         = "{DOI: 10.1109/TADVP.2006.879429}",
}

# For sensitivity to initial poles guesses
@ARTICLE{Orthonormal_VF_2008,
author       = "Deschrijver, D. and Dhaene, T. and De Zutter, D.",
title        = "Robust Parametric Macromodeling Using
Multivariate Orthonormal Vector Fitting",
journal      = "IEEE Transactions on Microwave Theory and Techniques",
year         = "2008",
volume       = "56",
number       = "7",
pages        = "1661--1667",
note         = "{DOI: 10.1109/TMTT.2008.924346}",
}

# For sensitivity to initial poles guesses
@ARTICLE{New_starting_poles_2013,
author       = "Pordanjani, I. R. and Xu, W.-s.",
title        = "Improvement of vector fitting by using a new method for selection of
starting poles",
journal      = "Electric Power Systems Research",
year         = "2014",
volume       = "107",
pages        = "206--212",
note         = "{http://dx.doi.org/10.1016/j.epsr.2013.10.005}",
}




# For convergence (generalize to relaxed barycentric), and not guaranteed for noisy data
@ARTICLE{Convergence_VF_2013,
author       = "Lefteriu, S. and Antoulas, A. C.",
title        = "On the Convergence of the Vector-Fitting Algorithm",
journal      = "IEEE Transactions on Microwave Theory and Techniques",
year         = "2013",
volume       = "61",
number       = "4",
pages        = "1435--1443",
note         = "{DOI: 10.1109/TMTT.2013.2246526}",
}


# For noisy data and weighting
@ARTICLE{Variance_weighted_VF,
author       = "Ferranti, F. and Rolain, Y. and Knockaert, L. and Dhaene, T.",
title        = "Variance Weighted Vector Fitting for Noisy Frequency Responses",
journal      = "IEEE Microwave and Wireless Components Letters",
year         = "2010",
volume       = "20",
number       = "4",
pages        = "187--189",
note         = "{DOI: 10.1109/LMWC.2010.2042546}",
}

# For noisy data and weighting
@ARTICLE{Noisy_VF_2012,
author       = "Beygi, A. and Dounavis, A.",
title        = "An Instrumental Variable Vector-Fitting Approach for Noisy Frequency Responses",
journal      = "IEEE Transactions on Microwave Theory and Techniques",
year         = "2012",
volume       = "60",
number       = "9",
pages        = "2702--2712",
note         = "{DOI: 10.1109/TMTT.2012.2206399}",
}



# For numerical instability and QR in Cauchy
@INPROCEEDINGS{Instability_and_QR_in_Cauchy_2010,
author       = "Gourary, M. M. and Rusakov, S. G. and Ulyanov, S. L. and Zharov, M. M.",
title        = "A Technique to Accelerate the Vector Fitting Algorithm for Interconnect Simulation",
journal      = "2010 East-West Design & Test Symposium (EWDTS)",
year         = "2010",
pages        = "127--130",
note         = "{DOI: 10.1109/EWDTS.2010.5742092}",
}

# For numerical instability in Cauchy
@INPROCEEDINGS{VF_cauchy_instability_2007,
author       = "Zhang, L. and Wang, W. and Li, Q.M. and Siew, W. H.",
title        = "An Improved Vector Fitting Method for Parametric Identification of Transfer Functions in EMC Measurement",
journal      = "2007 International Symposium on Electromagnetic Compatibility",
year         = "2007",
pages        = "174--177",
note         = "{DOI: 10.1109/ELMAGC.2007.4413459}",
}

# For numerical instability in Cauchy : Modal VF
@ARTICLE{Modal_VF_2008,
author       = "Gustavsen, B. and Heitz, C.",
title        = "Modal Vector Fitting: A Tool For Generating Rational Models of High Accuracy With Arbitrary Terminal Conditions",
journal      = "IEEE Transactions on Advanced Packaging",
year         = "2008",
volume       = "31",
number       = "4",
pages        = "664--672",
note         = "{DOI: 10.1109/TADVP.2008.927810}",
}

# For numerical instability in Cauchy : fast Modal VF
@INPROCEEDINGS{Fast_Modal_VF_2009,
author       = "Gustavsen, B. and Heitz, C.",
title        = "Fast realization of the modal vector fitting method for rational modeling with accurate representation of small eigenvalues",
journal      = "2009 IEEE Power & Energy Society General Meeting",
year         = "2009",
pages        = "1--1",
note         = "{DOI: 10.1109/PES.2009.5275736}",
}

# For numerical instability in Cauchy : Solutions to Cauchy systems
@ARTICLE{Cauchy_solutions_1996,
author       = "Calvetti, D. and Reichel, L.",
title        = "On the solution of Cauchy systems of equations",
journal      = "Electronic Transactions on Numerical Analysis",
year         = "1996",
volume       = "4",
pages        = "125--137",
}

# For numerical instability in Cauchy : Condition number of Cauchy matrices
@ARTICLE{Cauchy_matrices_condition_numbers_2007,
author       = "Cucker, F. and Diao, H.-I.",
title        = "Mixed and componentwise condition numbers for rectangular structured matrices",
journal      = "CALCOLO",
year         = "2007",
volume       = "44",
pages        = "89--115",
note         = "{DOI: 10.1007/s10092-007-0130-3}",
}


# For numerical instability in Cauchy : Preconditioning methods:
@ARTICLE{Preconditioning_methods_2002,
author       = "Benzi, M.",
title        = "Preconditioning Techniques for Large Linear Systems: A Survey",
journal      = "Journal of Computational Physics",
year         = "2002",
volume       = "182",
pages        = "418--477",
note         = "{DOI: 10.1006/jcph.2002.7176}",
}


# For numerical instability in Cauchy : Preconditioned conjugate gradient method
@ARTICLE{PCG_1991,
author       = "Knyazev, A. V.",
title        = "A Preconditioned Conjugate Gradient Method for Eigenvalue Problems and its Implementation in a Subspace",
journal      = "International Series of Numerical Mathematics",
year         = "1991",
volume       = "96",
pages        = "143--154",
note         = "{DOI: 10.1007/978-3-0348-6332-2_11}",
}




# For multiplicity of poles in VF
@ARTICLE{Multiplicity_of_poles_in_VF_2007,
author       = "Deschrijver, D. and Dhaene, T.",
title        = "A Note on the Multiplicity of Poles in the Vector Fitting Macromodeling Method",
journal      = "IEEE Transactions on Microwave Theory and Techniques",
year         = "2007",
volume       = "55",
number       = "4",
pages        = "736--741",
note         = "{DOI: 10.1109/TMTT.2007.893651}",
}


# For opening to pole representation, and enforcing continuity
@ARTICLE{Generalized_VF_derivatives_2005,
author       = "Dhaene, T. and Deschrijver, D.",
title        = "Generalized vector fitting algorithm for macromodeling of passive electronic components",
journal      = "Electronic Letters",
year         = "2005",
month        = "March",
volume       = "41",
number       = "6",
pages        = "299--300",
note         = "{DOI: 10.1049/el:20057913}",
}

# For opening to pole representation, link with the windowing process

@INPROCEEDINGS{Piece-wise_VF_2016,
author       = "Zhang, W.-D. and Xie, S.-G.",
title        = "Piece-wise vector fitting method with binary frequency domain partitioning algorithm for automatic modeling",
journal      = "2016 IEEE International Conference on Microwave and Millimeter Wave Technology (ICMMT)",
year         = "2016",
volume       = "1",
pages        = "363--365",
note         = "{DOI: 10.1109/ICMMT.2016.7761776}",
}


# For opening to pole representation, windowing process and integration on each element
@INPROCEEDINGS{Windowed_VF_2014,
author       = "Wang, Y. and Brazil, T. J.",
title        = "A comparison between discrete-time and vector fitting representations of S-parameter data",
journal      = "2014 International Workshop on Integrated Nonlinear Microwave and Millimetre-wave Circuits (INMMiC)",
year         = "2014",
pages        = "1--3",
note         = "{DOI: 10.1109/INMMIC.2014.6815073}",
}


# For link to neural networks and other applications
@INPROCEEDINGS{Adapt_inv_quad_interpolation_2007,
author       = "Knockaert, L. and De Zutter, D.",
title        = "Adaptive inverse quadratics interpolation with applications to vector fitting and the hankel transform of spectral domain green’s functions",
journal      = "AFRICON 2007",
year         = "2007",
note         = "{DOI: 10.1109/AFRCON.2007.4401441}",
}


# For parallel implementation
@ARTICLE{Parallelization_of_VF_2011,
author       = "Chinea, A. and Grivet-Talocia, S.",
title        = "On the Parallelization of Vector
Fitting Algorithms",
journal      = "IEEE Transactions on Components, Packaging and Manufacturing Technology",
year         = "2011",
volume       = "1",
number       = "11",
pages        = "1761--1773",
note         = "{DOI: 10.1109/TCPMT.2011.2167973}",
}



# For automatic poles selection
@ARTICLE{Ducru_Rational_Matrix_Machines_ICML_2020,
author       = "Ducru, Pablo and Sobes, Vladimir and Forget, Benoit",
title        = "Rational Matrix Machines: a general algorithm for learning complex rational matrix functions",
journal      = "International Conference on Machine Learning (ICML)",
year         = "2020",
note         = "{work-in-progress}",
}



